1803 3076
384 306 486 357 244
624 290 674 341 s.
708 289 1077 340 FRANcisci
1108 291 1398 343 XAVERn

316 385 614 447 appulimus
651 386 860 449 patriam
896 387 1133 436 comitum
1182 397 1452 432 nostrorum
1486 401 1503 434 .·
1534 386 1704 446 perbe-

321 454 465 514 nigne
502 467 654 498 sumus
689 453 883 512 excepti
918 468 1026 499 cum
1064 456 1123 499 ab
1159 451 1377 499 omnibus
1413 452 1700 515 oppidanis,

323 526 426 563 turn
464 521 580 564 vero
614 533 641 563 3
681 515 805 563 Pauli
856 518 1056 578 Japonis
1110 516 1347 581 neophyti
1385 519 1692 579 propinquis;

326 580 405 642 qui
445 595 610 628 omnes
650 579 868 628 veritatis
904 581 1009 627 luce
1047 581 1276 630 divinitus
1324 580 1517 640 oblata,
1556 584 1704 631 Paulo

324 656 524 693 auctore
559 643 674 692 facti
711 657 818 691 sunt
849 644 1141 692 Christiani.
1158 648 1377 710 Cangoxi
1386 661 1470 693 mae
1505 651 1610 694 cum
1634 664 1703 696 es-

324 724 508 767 semus,
546 709 814 771 oppidanos
849 710 1020 756 divinae
1068 711 1209 773 Legis
1242 712 1498 774 cognitio(
1536 730 1589 760 u
1627 728 1700 761 res

329 786 439 822 erat
476 772 667 820 illorum
700 773 889 844 auribus
926 775 1095 838 nova)
1131 773 1330 823 mirifice
1364 775 1670 824 delectabat.

396 856 439 886 2
472 839 684 900 ]3ροιιί3
720 837 855 902 regio
891 839 1179 909 amplissima
1213 853 1313 897 est,
1347 847 1548 909 totaque
1584 843 1708 890 insu-

327 901 384 951 lis
420 902 727 952 continetur:
765 920 859 954 una
895 920 1092 952 omnino
1129 903 1292 968 lingua
1328 916 1477 951 utitur
1508 937 1517 961 ‚
1556 911 1709 970 eaque

330 982 431 1015 non
467 974 728 1037 admodum
783 967 965 1016 difficili
1018 972 1076 1017 ad
1129 971 1454 1017 discendum.
1488 973 1702 1032 Reperta

326 1033 428 1080 haec
462 1032 597 1099 regio
633 1048 705 1083 est
739 1052 766 1085 a
805 1035 1040 1083 Lusitanis
1077 1050 1210 1081 annis
1247 1037 1306 1085 ab
1341 1037 1451 1083 hinc
1489 1048 1606 1084 tcto
1626 1048 1711 1085 aut

325 1113 539 1146 novem.
578 1102 698 1148 Sunt
730 1102 942 1164 Japones
980 1101 1171 1151 honoris
1217 1116 1274 1147 ac
1323 1101 1571 1162 dignitatis
1605 1117 1710 1172 per-

328 1164 572 1225 studiosi>
608 1167 749 1230 seque
785 1181 1023 1212 armorum
1060 1165 1214 1230 gloria
1246 1198 1257 1224 ‚
1296 1164 1563 1227 ὺείιιιὲιςιιε
1619 1182 1711 1214 vir·

325 1238 432 1276 tute
470 1232 691 1279 omnibus
728 1229 1002 1279 nationibus
1038 1243 1261 1292 praestare
1295 1232 1616 1277 3ῐὺιιι3ειιῖιιῑ
1639 1246 1713 1278 ar-

328 1308 409 1341 ma
445 1294 492 1340 in
529 1298 713 1344 honore
751 1312 806 1343 ac
843 1297 1000 1358 pietio
1038 1297 1247 1352 nabent,
1286 1295 1510 1356 nullaque
1546 1311 1594 1342 re
1615 1312 1712 1343 ma-

333 1360 406 1421 gis
436 1390 447 1416 ,
486 1363 625 1422 quam
662 1361 827 1413 armis
850 1376 991 1417 auro,
1013 1364 1311 1424 aigentoquc
1335 1359 1587 1421 1nsign1bus
1605 1359 1711 1424 glo.

294 1422 564 1471 “uantur
599 1425 796 1474 Gladios
845 1426 898 1476 ὅ(
953 1439 1183 1489 pugiones
1230 1428 1466 1495 perpetuo
1517 1438 1713 1488 gestant

329 1498 436 1535 tum
471 1460 770 1549 domi,tu1n
808 1488 951 1538 foris:
993 1491 1071 1538 ubi
1105 1488 1320 1542 cubitum
1357 1489 1650 1550 discedunt,
1686 1492 1714 1538 ὲ

329 1551 555 1601 cervicali
593 1570 699 1618 susp
705 1555 921 1603 endunt.

398 1631 441 1680 3.
479 1620 629 1667 Armis
666 1634 854 1693 tantum
889 1619 1108 1669 tribuunt
1142 1653 1151 1677 ,
1189 1629 1422 1682 quantum
1473 1616 1602 1665 nulla
1657 1633 1706 1665 a-

329 1675 406 1727 lia
421 1685 602 1754 natm,
640 1702 698 1734 ex
736 1687 815 1744 iis,
854 1701 968 1748 quas
1003 1701 1096 1749 ego
1134 1683 1227 1732 vidi
1266 1722 1275 1732 .
1323 1683 1543 1748 Sagitarii
1597 1694 1708 1731 sunt

329 1745 635 1808 peritissimi:
677 1751 969 1823 pedestribus
1004 1749 1102 1799 fere
1150 1748 1317 1812 praeliis
1368 1749 1710 1808 contendunt3

331 1824 621 1874 quamquam
642 1816 775 1878 equis
792 1816 924 1880 regio
945 1831 1042 1862 non
1064 1831 1208 1864 caret.
1220 1821 1348 1863 lnter
1366 1830 1415 1862 se
1435 1811 1711 1877 perofficio-

334 1876 372 1921 si
411 1890 548 1925 sunt·
539 1895 679 1938 ,cum
712 1881 908 1928 advenis
932 1897 1078 1943 ,quos
1095 1892 1422 1930 contemnunt
1442 1895 1558 1940 ,non
1580 1892 1718 1926 item

331 1941 458 1990 Rem
475 1939 754 1995 familiarem
779 1961 825 1993 in
847 1962 1001 2007 armis,
1025 1946 1157 1994 cultu
1179 1947 1390 2008 corporis
1417 1977 1428 2004 ,
1466 1947 1521 1997 &
1553 1960 1716 1991 servo-

332 2020 439 2053 rum
475 2010 712 2059 comitatu
735 2026 1051 2070 consumunt
1074 2011 1407 2059 nihilomnino
1428 2010 1487 2058 de
1521 2024 1720 2057 coacer-

333 2070 495 2118 vanda
517 2077 716 2136 pecunia
754 2076 1057 2126 laborantes.
1084 2079 1141 2124 Be
1150 2076 1464 2137 llicosiplane
1501 2088 1640 2131 sunt,
1662 2074 1719 2125 &

333 2136 647 2187 continenter
684 2141 809 2192 bella
846 2156 973 2196 mter
1008 2159 1057 2190 se
1091 2156 1302 2207 gerunt:
1318 2144 1371 2194 ut
1406 2155 1601 2205 qumque
1621 2141 1724 2200 plu-

333 2200 505 2249 rimum
542 2204 714 2256 viribus
739 2208 924 2267 pollet,
945 2220 1012 2256 ita
1032 2209 1262 2256 latissime
1295 2208 1354 2259 d<
1362 2220 1598 2254 minatur
1622 2207 1719 2253 Re-

331 2281 442 2329 gem
480 2284 622 2317 unum
658 2272 837 2325 habent
868 2305 879 2331 ,
917 2285 1109 2326 tamet51
1145 2272 1280 2323 annis
1314 2271 1486 2321 abhinc
1522 2282 1719 2317 centum

335 2347 687 2396 quinquaginta
724 2340 766 2385 ei
807 2341 1039 2400 Dynastae
1089 2354 1254 2401 parere
1307 2336 1578 2397 desierunt,
1610 2348 1714 2397 quae

333 2411 679 2460 perpetuorum
701 2415 773 2458 est
791 2419 935 2453 causa
971 2405 1231 2454 bellorum.

1609 2480 1655 2530 4.
