1803 3076
301 281 785 341 EmsroLARUM
804 261 818 327 .’
836 278 1050 327 tiam.
1075 281 1159 343 Ep.
1184 281 1289 329 XV.
1359 297 1443 351 ¹35

136 386 391 452 agnoscit.
429 385 603 444 Itaque
638 394 736 426 non
786 375 1005 425 dubitavi
1051 390 1209 426 totam
1264 395 1363 429 rem
1400 380 1513 428 scri·

137 453 229 514 ptis
262 448 432 497 litteris
470 444 830 493 communicare
867 442 1018 491 Matri
1051 456 1259 503 nostrae,
1311 444 1379 493 uti
1425 446 1513 493 mi·

141 516 267 563 nime
301 513 525 568 dubiam,
571 512 607 557 si
660 510 758 570 ipsa
803 509 1068 567 annuerit,·
1119 509 1248 572 quod
1294 511 1407 574 quin
1453 511 1516 557 sit

139 579 362 635 factura,
396 588 544 638 atque
595 574 721 622 adeo
770 585 869 621 tam
911 572 1206 633 splendidam
1252 576 1335 625 viri
1380 572 1519 637 probi

136 645 192 695 &
229 643 387 691 divitis
419 640 710 689 affinitatem
742 639 790 686 in
825 636 1075 691 felicitatis
1107 652 1245 703 parte
1296 655 1518 690 numera-

133 723 269 768 tura,
321 706 476 755 nullus
512 705 714 752 dubito.

206 788 248 837 3.
283 772 383 821 Etsi
414 771 481 820 ita
512 781 568 817 ut
597 768 771 817 videtis
803 779 1082 829 promotum
1117 769 1370 835 negotium
1410 781 1518 832 est;

134 839 246 903 quia
278 852 444 885 tamen
483 833 634 882 multa
684 849 872 894 semper
919 834 1202 886 executioni
1251 837 1518 886 destinato-

137 920 241 953 rum
278 901 644 958 interveniunt;
676 897 821 949 facile
851 900 1085 962 provideo
1116 902 1241 949 haud
1276 902 1323 949 in
1370 917 1517 965 expe-

138 967 242 1018 dito
278 983 378 1015 rem
414 965 550 1013 isthic
585 963 822 1023 futuram,
861 964 946 1011 nisi
979 982 1066 1026 pro
1105 965 1229 1014 virili
1263 965 1519 1016 adnitami-

150 1035 229 1080 ni.
276 1034 384 1081 Oro
420 1045 504 1079 vos
540 1029 685 1076 ambo
724 1042 870 1092 atque
908 1029 1145 1089 obsecro,
1184 1044 1236 1079 ut
1281 1041 1517 1081 memores

139 1096 313 1161 prolixi
347 1109 533 1156 semper
568 1098 616 1142 in
653 1109 739 1140 nos
776 1094 956 1151 animi,
1012 1096 1310 1158 quotidianae
1345 1097 1522 1146 libera-

136 1157 810 1219 litatis,benevolentissimae
834 1160 1084 1208 charitatis
1116 1175 1278 1209 matris
1313 1174 1519 1220 nostrae,

136 1229 204 1276 sic
237 1225 361 1288 apud
396 1239 481 1272 vos
513 1224 737 1271 statuatis
762 1242 777 1272 .·
807 1224 930 1270 hanc
953 1223 1088 1271 vobis
1108 1226 1337 1275 divinitus
1375 1227 1522 1276 offer-

132 1292 173 1341 'ri
209 1289 470 1353 pretiosam
505 1288 816 1336 occasionem
852 1291 1145 1351 rependendi
1180 1303 1259 1339 tot
1290 1289 1389 1349 ejus
1438 1293 1523 1339 be·

140 1356 322 1405 neficiis
355 1370 497 1402 unam
547 1354 769 1417 quidem,
818 1353 901 1400 sed
951 1355 1020 1402 sui
1077 1369 1332 1405 momento
1375 1356 1525 1404 instat

138 1422 396 1471 multarum
433 1419 729 1477 habituram,
751 1418 873 1482 grati
905 1422 1054 1467 nostri
1090 1422 1250 1470 vicem
1280 1437 1336 1469 ac
1365 1437 1525 1470 remu·

147 1486 453 1535 nerationem
488 1482 633 1533 officii
656 1485 909 1548 ‚Saragite
940 1490 1058 1550 ergo
1089 1502 1196 1534 cum
1233 1503 1317 1549 per
1354 1486 1526 1548 vosip-

142 1554 205 1609 si,
239 1563 339 1599 tum
374 1549 633 1611 implorata
670 1562 818 1612 atque
853 1550 1070 1600 adhibita
1105 1553 1280 1601 eodem
1313 1550 1526 1614 primarii

141 1614 406 1682 Qaestoris
444 1614 601 1679 gratia
637 1615 691 1665 &
729 1630 877 1675 opera
899 1647 912 1673 ,
947 1632 1006 1663 ne
1046 1632 1265 1665 successu
1297 1631 1396 1666 tam
1415 1633 1526 1680 pro-

140 1697 286 1745 sperae
318 1679 694 1742 opportunitatis
715 1678 899 1727 afflicta
936 1681 1016 1729 illa
1049 1680 1229 1730 familia
1249 1681 1528 1732 frustretur:

149 1745 359 1803 efficite,
395 1746 616 1809 inquam,
657 1744 789 1792 omni
825 1758 1038 1806 conatu,
1075 1761 1129 1795 ut
1157 1748 1407 1796 solitudini
1441 1748 1529 1796 ho·-

148 1810 462 1858 noratissimae
511 1809 690 1869 viduae,
732 1809 930 1858 orbitati
966 1812 1161 1875 optimae
1202 1826 1349 1877 atque
1388 1812 1529 1861 inno-

146 1875 430 1923 centissimae
484 1877 709 1937 orphanae
748 1908 759 1934 ,
798 1876 945 1924 modo
984 1876 1076 1925 isto
1137 1895 1278 1942 quem
1345 1877 1531 1926 Divina

142 1940 334 2004 utrique
373 1939 624 1988 consulens
659 1940 967 2001 providentia
987 1941 1530 2002 offert,subveniatur.

207 2022 254 2069 4.
291 2008 345 2054 ln
384 2005 669 2053 adducendo
720 2009 818 2069 quo
869 2006 960 2054 erit
1005 2024 1122 2070 opus
1174 2009 1531 2069 Christophoro

142 2069 422 2129 Carvallio,
460 2085 557 2117 non
593 2082 712 2132 puto
767 2070 968 2118 multum
1007 2072 1143 2120 vobis
1191 2089 1349 2135 operae
1400 2070 1530 2118 futu-

139 2150 271 2182 rum:
310 2137 429 2182 novi
465 2133 563 2191 ejus
600 2137 929 2183 constantiam
966 2138 1022 2188 ὃ(
1057 2137 1200 2187 fidem
1226 2155 1237 2185 z
1261 2153 1349 2186 nec
1387 2137 1529 2185 time-

140 2214 195 2246 re
223 2214 412 2260 possum
434 2215 494 2248 ne
513 2201 693 2247 dictum
724 2213 950 2260 revocet,
975 2215 1060 2250 aut
1095 2215 1320 2265 praestare
1344 2201 1529 2249 abnuat

143 2263 274 2326 quod
308 2276 381 2311 est
415 2263 525 2311 mihi
561 2264 840 2324 pollicitus.
874 2268 1116 2330 Qaestori
1162 2280 1215 2314 ut
1266 2267 1313 2314 in
1369 2278 1533 2328 partes

139 2330 435 2387 attrahatur,
474 2328 678 2378 sufficiet
713 2329 951 2395 allegare,
975 2333 1104 2394 quod
1142 2333 1255 2381 vere
1297 2331 1527 2394 potestiS.

136 2391 333 2457 dignum
362 2408 463 2442 esse
494 2394 830 2507 negotiumlin
866 2411 964 2460 quo
1009 2395 1311 2459 perficiendo
1347 2396 1532 2446 autori-

807 2477 841 2526 4
1387 2472 1466 2524 ῖὸῒ
