1803 3076
347 313 1100 368 SUFFRAGIUM,
1268 335 1361 389 5Q

56 419 218 477 illum,
245 415 325 480 qui
361 413 608 480 eligendus
645 424 719 460 est
757 411 802 459 in
838 409 1088 467 Praelatum
1126 422 1300 461 nostrae
1339 417 1430 462 So..

59 483 282 540 dietatis,
336 479 411 527 cui
449 493 616 527 omnes
669 477 864 525 obedire
920 476 1209 534 debeamus,
1273 478 1427 526 videri.

58 547 174 596 mihi
212 561 438 608 aequum,
483 544 746 592 secundum
801 542 875 601 id,
931 541 1059 604 quod
1111 540 1266 588 dictat
1318 559 1430 590 mea

61 610 418 667 conscientia,
468 608 744 672 loquendo,
799 617 851 654 ‘ut
902 606 962 653 sit
1029 605 1252 653 Praelatus
1317 622 1429 654 nos-

62 690 140 725 ter
191 675 460 738 antiquus,
515 690 572 721 ac
611 689 746 721 verus
803 674 944 720 Pater
998 670 1240 721 Dominus
1286 674 1434 737 Ignaa

67 742 162 788 tius
203 773 213 799 ‚
270 740 348 803 qui
408 754 494 785 nos
531 737 689 795 jvnxit
752 752 919 784 cmnes
968 752 1064 784 non
1118 735 1275 797 parvis
1323 753 1437 785 cum

60 805 343 864 laboribus;
383 820 480 852 non
517 804 617 851 sine
655 801 776 860 iilis,
814 818 899 848 nos
936 802 1057 849 sciet
1092 800 1262 848 melius
1312 819 1432 852 con-

67 885 292 929 servare,
331 870 628 933 gubernare,
667 880 716 915 et
753 882 1042 926 promovere
1097 867 1156 914 de
1210 867 1342 916 bono
1382 868 1436 915 in

62 935 265 993 melius;
318 934 428 997 quia
481 933 670 995 penitus
720 930 800 979 ille
855 932 994 979 novit
1043 947 1436 996 unumquemque

63 999 317 1048 nostuim.
371 1001 433 1047 Et
486 1011 596 1059 post
633 1010 839 1045 mortem
877 995 1031 1055 illius,
1067 996 1313 1059 loquendo
1361 1013 1435 1045 se-

63 1065 270 1113 cundum
320 1063 395 1120 id,
449 1064 578 1125 quod
631 1063 780 1109 sentit
815 1061 973 1108 anima
1012 1077 1145 1119 mea,
1201 1061 1353 1110 veluti
1397 1060 1437 1109 si

62 1145 203 1191 supe-r
256 1131 347 1173 hoc
402 1143 528 1174 esset
584 1127 916 1183 moriendum,
958 1123 1099 1184 dico,
1157 1124 1437 1190 eligendum

61 1199 250 1245 Patrem
293 1192 575 1256 Magistrum
612 1194 802 1238 Petrum
841 1193 1074 1239 Fabrumr
1126 1192 1188 1237 Et
1242 1192 1289 1239 in
1344 1191 1438 1238 ista

65 1271 203 1323 parte
242 1259 376 1304 Deus
414 1269 486 1304 est
523 1257 633 1302 mihi
673 1257 839 1315 testis,
881 1273 954 1303 me
991 1270 1087 1301 non
1125 1254 1253 1303 aliud
1309 1256 1441 1304 dice-

66 1341 150 1381 re,
205 1324 348 1385 quam
402 1321 563 1369 sentio
593 1357 604 1367 .
641 1323 702 1369 Et
738 1322 784 1368 in
823 1320 958 1378 hujus
994 1320 1059 1367 rei
1097 1319 1273 1380 fidem,
1327 1337 1439 1382 pro-

66 1388 169 1449 pria
202 1403 310 1434 mea
348 1403 487 1433 manu
526 1386 772 1435 subscribo
796 1423 806 1434 .
846 1391 1022 1436 Actum
1075 1388 1247 1435 Romae
1306 1400 1439 1433 annor

72 1470 212 1520 1540.
252 1467 324 1518 15.
361 1451 560 1500 Martii.
595 1453 866 1501 Franciscus
890 1487 902 1499 .

128 1656 1392 1729 ALTERAIQUSDEM1DECLARATHJ,

160 1781 364 1831 Imiliteer
387 1795 642 1846 postquam
669 1785 889 1833 Societas
926 1784 1075 1833 fuerit
1112 1795 1444 1851 congregata,

192 1863 248 1894 ac
283 1850 538 1896 Praelatum
576 1847 814 1915 elegerit3
869 1852 976 1915 Ego
1026 1853 1300 1899 Franciscus
1341 1864 1452 1911 pro-

77 1914 224 1960 mitto
262 1929 387 1961 nunc
443 1929 529 1975 pro
582 1928 701 1963 tunc
755 1928 1046 1977 perpetuam
1084 1914 1450 1971 obedientiam,

78 1989 417 2040 paupertatem
454 2011 465 2036 ‚
506 1991 556 2025 et
590 1981 871 2028 castitatem
900 2016 911 2026 .
947 1983 1010 2028 Et
1045 1980 1143 2038 sic,
1195 1981 1335 2027 Pater
1388 1976 1456 2024 mi

81 2043 129 2089 in
168 2042 365 2092 Christo
403 2043 677 2093 charissime
711 2047 941 2105 Laynez‚
994 2058 1044 2093 te
1080 2060 1201 2108 rogo
1239 2059 1326 2104 pro
1359 2058 1456 2090 ser-

82 2107 208 2155 vitio
248 2108 345 2155 Dei
384 2108 588 2156 Domini
640 2109 820 2168 nostri,
869 2122 922 2156 ut
973 2109 1020 2155 in
1070 2124 1177 2156 mea
1228 2106 1456 2156 absentia
1530 2140 1540 2147 -

84 2184 137 2219 tu
194 2188 278 2231 pro
317 2189 393 2220 me
431 2175 552 2221 hanc
589 2189 745 2222 meam
785 2173 1092 2223 voluntatem
1144 2189 1254 2220 cum
1306 2172 1462 2220 tribus

84 2236 210 2283 votis
248 2237 520 2302 Religionis
558 2239 734 2289 offeras
771 2239 1011 2298 Praelato‚
1061 2253 1202 2302 quem
1252 2236 1457 2302 elegeri-

83 2301 175 2348 tis.
211 2302 342 2366 Qiia
381 2319 438 2350 ex
480 2320 606 2351 nunc
646 2323 733 2367 pro
771 2304 881 2364 die,
920 2320 1014 2367 qua
1050 2315 1241 2351 creatus
1278 2300 1458 2361 fuerit,

85 2366 325 2426 promitto
364 2383 419 2414 ea
457 2369 715 2419 observare
739 2406 749 2416 .
786 2372 842 2416 In
883 2368 1012 2427 cujus
1052 2368 1119 2415 rei
1158 2368 1298 2415 fidem
1356 2382 1460 2414 mu-

84 2430 165 2478 nio
203 2444 486 2493 praesentem
524 2435 738 2483 chartam
791 2449 938 2481 manu
987 2448 1096 2482 mea
1147 2431 1342 2496 propria
1399 2430 1456 2478 si-

676 2504 697 2549 l
735 2500 750 2546 i
784 2518 815 2565 4
1275 2512 1392 2562 gna-
