1803 3076
413 258 503 311 332
685 243 733 293 S.
768 243 1132 294 FRANCISCI
1164 248 1445 302 XAVERII

355 337 470 388 titas
506 337 566 386 ab
603 338 756 388 Sinis.
799 343 927 390 lmus
967 344 1064 404 spei
1103 343 1383 409 fiduciaeque
1420 345 1595 395 divinae
1645 347 1746 410 ple·

355 404 433 451 ni·
473 404 885 466 confimmusque,
926 408 1102 456 Christi
1143 425 1319 458 nomen
1375 412 1422 457 in
1471 412 1607 459 Sinas
1655 413 1741 460 ali-

354 469 549 532 quando
590 484 953 530 penetraturum
976 505 987 518 .
1023 475 1202 536 Qiaeso
1240 488 1319 534 te,
1346 478 1506 524 Deum
1544 493 1631 539 pro
1671 476 1739 525 his

353 531 435 596 qui
473 535 519 579 in
553 534 759 595 Japonia
798 548 934 592 sunt,
958 538 1131 599 quique
1168 538 1214 585 in
1235 542 1372 587 S³nas
1409 543 1735 600 contendunt,

349 601 537 660 precari
574 613 631 644 ne
669 599 880 645 desinas„
905 601 1002 647 Ubi
1041 602 1087 647 in
1111 601 1242 650 Sinas
1260 606 1373 652 Deo
1410 602 1612 654 favente
1630 622 1735 668 per·

356 676 655 720 venenmus,
694 664 752 710 de
789 677 955 711 nostro
992 668 1206 714 adventu
1240 699 1251 726 ,
1291 670 1442 732 deque
1493 686 1575 730 spe
1624 686 1737 733 pro-

353 727 591 789 pagandae
629 726 871 791 religionis
907 729 965 774 ad
1002 743 1052 777 te
1089 731 1373 791 perscribam
1412 733 1617 795 pluribus
1646 770 1657 782 .

403 806 464 855 3.
499 789 707 855 Collegii
744 793 906 840 Goani
946 796 1208 842 Rectorem
1240 798 1501 858 Gasparem
1542 801 1740 865 Belgam

356 855 620 913 constitui,
660 856 808 903 virum
846 870 1074 919 spectatae
1112 859 1335 919 virtutis,
1370 863 1423 913 δι
1461 864 1742 914 coelestibus

359 919 498 967 donis
535 920 833 968 cumulatum
871 940 891 980 ;
947 924 1266 987 eumdemque
1319 928 1739 979 Concionatorem

356 984 706 1047 egregium2&
739 987 928 1034 civitati
972 988 1200 1037 universae
1236 1005 1293 1037 ac
1329 992 1602 1040 domesticis
1638 996 1743 1042 uni-

354 1051 411 1097 (ὲ
448 1063 639 1095 carum.
678 1052 860 1099 Omnes
898 1052 973 1114 qui
1013 1052 1058 1100 in
1096 1054 1162 1100 his
1198 1053 1317 1101 locis
1354 1070 1606 1105 versantur
1641 1071 1746 1109 tum

356 1115 550 1173 Patres,
585 1125 687 1160 tum
725 1117 942 1171 Fratres.
982 1116 1023 1164 ei
1061 1133 1228 1179 parere
1264 1116 1370 1175 jussi
1405 1157 1418 1167 .
1456 1123 1628 1184 ltaque
1665 1140 1738 1172 sa—

357 1182 418 1226 ne
456 1177 586 1224 laetus
612 1180 694 1235 2&
732 1180 1104 1229 domesticarum
1142 1199 1295 1230 rerum
1327 1185 1632 1237 solicitudine
1654 1205 1739 1237 va-

357 1257 477 1289 cuus
514 1243 794 1303 proficiscor
828 1245 874 1291 in
912 1247 1071 1293 Sinas.
1110 1248 1155 1294 Si
1194 1247 1319 1298 forte
1360 1253 1491 1297 Deus
1527 1267 1603 1299 me
1636 1255 1738 1310 ,ab-

353 1320 489 1354 sente
524 1309 783 1364 Gasparem
833 1310 1052 1358 evocarit
1105 1315 1130 1359 ὲ
1183 1312 1284 1360 vita
1317 1346 1328 1372 ‚
1364 1315 1739 1379 chirographum

353 1372 479 1432 apud
518 1371 650 1418 illum
686 1372 855 1434 reliqui
894 1375 1222 1439 obsignatum,
1263 1394 1358 1441 quo
1412 1380 1597 1429 Rector
1633 1382 1674 1430 ei
1710 1385 1739 1433 ὲ

352 1451 430 1482 me
467 1435 746 1484 substitutus
784 1437 1081 1487 declaretur.
1105 1442 1154 1488 ld
1177 1457 1251 1489 me
1269 1455 1322 1490 ut
1355 1441 1599 1505 facerem,
1631 1446 1738 1496 lon-

352 1500 595 1565 ginquitas
631 1500 850 1549 locorum
888 1504 1170 1553 admonuit.

419 1582 466 1628 4.
505 1565 664 1612 Visum
704 1567 849 1613 etiam
887 1581 960 1615 est·
993 1570 1019 1618 ὲ
1055 1586 1104 1617 re
1140 1570 1441 1631 Christiana,
1477 1586 1589 1622 ante
1634 1591 1734 1625 me-

352 1645 432 1676 um
468 1628 513 1675 in
555 1628 691 1676 Sinas
729 1631 980 1678 discessum
1017 1635 1296 1695 praecipere,
1321 1648 1374 1683 ut
1408 1640 1628 1697 proximo
1651 1656 1737 1688 an-

354 1709 420 1741 no
455 1706 615 1740 certus
652 1695 799 1741 homo
835 1698 860 1743 ὲ
898 1697 1148 1745 Societate
1184 1698 1292 1747 hinc
1327 1700 1373 1746 in
1410 1702 1733 1765 Lusitaniam,

354 1770 503 1819 atque
540 1758 651 1804 inde
688 1761 894 1806 Romam
934 1776 1040 1808 cum
1076 1761 1246 1809 litteris
1300 1763 1574 1816 mitteretur
1608 1785 1622 1827 ;
1676 1785 1738 1818 ex

357 1838 456 1884 quo
492 1825 654 1868 coram
693 1825 1078 1885 cognosceretis,
1113 1833 1412 1890 quantopere
1442 1830 1567 1879 viros
1603 1832 1738 1890 huius

358 1886 472 1934 vitae
509 1885 748 1933 laboribus
785 1888 839 1937 &-
875 1889 1096 1950 periculis
1131 1892 1371 1940 exercitos
1406 1910 1464 1942 ac
1501 1897 1736 1957 probatos

359 1951 461 1998 haec
499 1949 609 1998 loca
644 1951 916 2000 desiderent
956 1991 967 2002 .
1005 1956 1130 2002 Nam
1187 1955 1416 2013 ejusmodi
1466 1962 1546 2022 qui
1596 1974 1739 2024 sunt,

358 2013 610 2077 plurimum
649 2014 693 2062 in
730 2017 1113 2078 amplificatione
1149 2021 1294 2068 divini
1350 2024 1506 2072 cultus
1551 2027 1752 2087 profici->

358 2092 480 2127 unt:
514 2078 695 2139 ceteri,
732 2082 948 2143 quamvis
986 2083 1116 2132 docti
1155 2086 1398 2146 homines,
1435 2089 1471 2136 si
1507 2106 1669 2151 parum
1690 2091 1739 2140 in

356 2144 576 2192 aerumnis
611 2145 704 2192 sint
739 2147 1176 2213 vexationibusque
1211 2151 1443 2213 spectati,
1480 2155 1737 2204 admodum

354 2223 524 2269 parum
549 2245 559 2255 .
596 2212 687 2258 Pro
725 2225 992 2275 usu‚quem
1029 2215 1245 2276 Japoniae
1283 2217 1596 2277 habeo,cum
1633 2236 1736 2268 orn-

355 2271 491 2319 nibus
524 2275 766 2336 Japonum
803 2278 944 2326 saluti
981 2279 1298 2340 consultum,
1334 2294 1436 2330 turn
1475 2288 1592 2333 vero
1647 2300 1735 2334 no-

356 2336 463 2385 stris
498 2341 559 2388 ad
608 2339 871 2404 Japonicas
922 2343 1210 2394 Academias
1258 2345 1390 2395 ituris
1442 2348 1540 2398 duo
1588 2349 1730 2410 plane

1555 2426 1667 2463 sunt
