1803 3076
347 283 439 336 150
615 271 662 319 S.
698 272 1057 322 FRANCISCI
1093 275 1383 324 XAVERII
1436 281 1440 284 ’

276 360 361 412 bus
398 360 610 426 undique
648 379 734 411 nos
770 365 960 415 cinctos
996 366 1218 430 periculis
1251 401 1261 425 ‚
1302 363 1674 425 tentationibus,

282 428 506 477 aerumnis
544 426 622 474 vel
677 429 864 488 animi,
903 431 979 480 vel
1031 433 1246 494 corporis
1303 431 1445 480 visuri
1495 447 1677 489 summ,

283 509 429 556 quam
466 508 694 554 umquam
730 506 902 542 antea.
938 496 1190 562 roirca
1227 513 1313 558 par
1348 510 1422 544 est
1459 496 1672 557 e053qui

282 557 431 606 divini
469 558 686 619 obsequii
721 560 884 606 studio
921 572 1184 620 tenentur,
1222 561 1379 623 parvis
1433 562 1479 608 in
1532 562 1671 608 rebus

282 622 553 681 elaborare,
573 627 716 684 seque
737 626 876 686 quom
900 625 1104 672 maxime
1127 627 1389 674 demittere
1409 641 1555 690 atque
1577 627 1678 674 exi-

283 689 558 746 nanire,ut
592 688 679 735 sibi
721 687 796 735 vel
832 687 1078 735 minimum
1103 690 1427 748 fidant,Deo
1464 689 1541 737 vei
1573 690 1676 752 piu-

281 753 486 801 timum:
523 766 576 799 ut
610 751 801 802 scilicet
836 751 883 799 in
931 753 1112 815 magnis
1147 786 1157 811 ‚
1213 766 1315 802 turn
1370 755 1513 813 vitae,
1567 768 1671 802 tum

284 817 455 865 mortis
490 815 759 877 periculis,
811 829 960 881 atque
1014 818 1365 876 incommodis,
1412 819 1459 866 in
1511 818 1675 867 divina

281 880 511 930 bonitate
548 892 698 944 atque
735 882 1062 931 misericordia
1096 899 1224 945 spem
1263 883 1437 932 habere
1472 899 1675 932 consue-

278 958 447 996 scant.
483 944 540 993 Id
574 948 697 995 adeo
732 962 1124 1010 consequentur,
1160 948 1226 1007 si,
1257 949 1473 1011 quamvis
1511 949 1670 1010 parvis

279 1011 327 1058 in
364 1011 532 1069 rebus,
570 1013 597 1059 ὲ
635 1009 804 1075 quibus
839 1013 1159 1068 abhorreant,
1196 1013 1261 1060 sui
1303 1014 1512 1062 victores
1547 1014 1671 1061 exti-

280 1075 466 1125 terint:
500 1081 786 1142 summoque
836 1077 1133 1141 Christianae·
1173 1077 1457 1126 humilitatis
1509 1078 1672 1125 studio

279 1141 476 1189 sibimet
511 1142 700 1202 penitus
737 1139 1046 1202 diffidentes,
1083 1143 1144 1189 ad
1183 1144 1445 1191 maximam
1486 1144 1582 1191 Dei
1617 1144 1670 1191 fi-

278 1207 470 1255 duciam
507 1206 693 1254 animos
733 1207 924 1269 erigant
958 1223 1092 1255 suos.

348 1289 419 1321 10.
461 1271 641 1335 Neque
676 1271 804 1319 enim
841 1272 1109 1321 imbecillus
1163 1284 1269 1330 est,
1325 1270 1403 1336 qui
1459 1271 1675 1321 scienter·

278 1336 451 1384 nititur
486 1352 581 1397 ope
617 1336 779 1385 divina
813 1372 825 1383 .
877 1341 1039 1401 Atque
1088 1350 1141 1385 ut
1196 1336 1348 1384 multa
1402 1338 1673 1385 communis

280 1401 432 1450 hostis
467 1399 814 1460 impedimenta
851 1404 1220 1463 perseverantiae
1274 1418 1329 1449 ac
1376 1401 1675 1463 perfectioni

281 1464 476 1513 virtutis
515 1463 746 1522 objiciat,
786 1466 933 1524 maius
988 1480 1151 1516 tamen
1207 1466 1460 1515 d3scrimen
1497 1469 1674 1527 adeas,

281 1531 318 1578 si
355 1530 400 1577 in
440 1530 625 1591 magnis
659 1533 879 1580 aerumnis
913 1549 971 1581 ac
1024 1532 1383 1581 discriminibus
1439 1532 1533 1580 Dei
1589 1549 1675 1579 au-

278 1594 398 1644 xilio
437 1596 646 1655 diffidas,
684 1600 829 1660 quiim
866 1597 902 1644 si
941 1597 1158 1659 pericula
1194 1598 1395 1651 subeaS‚
1436 1613 1539 1659 quae
1594 1613 1673 1644 ca-

277 1659 439 1723 pitalis
476 1661 626 1710 hostis
664 1662 897 1723 opponit.
948 1664 1146 1711 Utinam
1200 1661 1286 1708 viri
1336 1661 1397 1721 pii
1448 1655 1672 1718 obiectos

278 1737 487 1774 terrores
536 1742 592 1774 ac
631 1739 815 1787 metus,
853 1726 1018 1789 quibus
1055 1743 1137 1776 eos
1175 1726 1363 1773 daemon
1420 1727 1447 1773 ἐι
1501 1727 1668 1773 diuino

278 1790 513 1846 obsequio
551 1793 793 1839 deterrere
829 1793 1018 1850 studet,
1065 1802 1418 1841 converterent
1470 1790 1516 1838 in
1574 1790 1669 1839 Dei

280 1855 563 1903 Conditoris
598 1855 667 1902 sui
706 1869 887 1904 metum
910 1890 920 1907 2
946 1856 982 1903 si
1021 1855 1146 1905 forte
1180 1855 1456 1904 destiterint
1490 1856 1551 1903 ab
1601 1855 1672 1902 in-

278 1926 488 1969 coewwto!
528 1919 713 1983 sibique
752 1922 891 1981 plane
928 1923 1274 1980 persuaderent
1308 1953 1317 1978 ,
1368 1919 1511 1985 longe
1567 1921 1670 1982 plus

279 1985 391 2032 mali
431 1983 640 2033 futurum
675 2018 685 2044 ‚
718 1988 755 2034 si
792 1986 941 2034 divini
981 1985 1202 2034 Numinis
1241 1984 1549 2034 voluntatem
1589 2001 1674 2033 ne-

280 2050 550 2115 glexerint,
592 2053 734 2113 quiim
786 2051 822 2098 si
878 2052 1104 2099 daemonis
1159 2050 1499 2111 impotentiam
1553 2065 1674 2097 con-

285 2115 606 2163 temoserint.
647 2118 701 2163 Id
737 2116 769 2163 si
809 2114 1030 2165 facerent
1068 2149 1078 2175 ‚
1121 2119 1251 2164 Deus
1302 2115 1466 2172 bone,
1523 2117 1669 2178 quitm

278 2176 613 2235 iucundissime
651 2180 901 2240 viverent,
938 2193 1171 2245 quantum
1207 2181 1251 2227 iu
1289 2180 1468 2227 virtute
1503 2195 1674 2240 proce-

282 2246 488 2304 derent,
525 2248 633 2293 cum
673 2245 756 2308 ipsi
795 2262 876 2294 usu
916 2247 1049 2295 docti
1086 2245 1228 2306 plane
1279 2245 1518 2292 sentirent
1553 2277 1563 2300 ‚
1602 2244 1674 2291 ni-

281 2310 362 2359 hil.
385 2310 509 2373 ipsos
548 2326 631 2372 per
665 2326 712 2360 se
748 2327 916 2374 posse;
954 2314 1222 2374 contraque
1244 2309 1406 2357 omnia
1427 2323 1564 2369 Dosse
1586 2309 1670 2356 ad-

282 2373 444 2435 iutore
484 2379 633 2439 De03
677 2377 972 2428 adversarius
1011 2388 1176 2425 autem
1214 2386 1381 2424 noster
1403 2376 1544 2439 quarn
1572 2369 1669 2420 fra-

209 2449 214 2450 ’
1497 2448 1600 2485 ctus

1722 986 1803 1065 ,ἐξ
