1803 3076
251 275 999 340 EPISTOLARUM.Lih.111.
1023 278 1109 341 Ep.
1136 281 1247 328 Vn.
1316 295 1374 340 71

52 389 204 445 gant:
237 379 380 438 porro
414 374 501 423 ista
538 390 640 438 quae
678 371 772 420 dixi
812 389 910 422 non
948 373 1124 422 debere
1144 371 1275 431 rejici
1310 386 1446 422 metu

53 441 273 492 amicitiae
309 440 534 488 laedendae
570 437 851 485 munuscula
889 438 1251 487 esculentorum
1279 438 1445 497 >simul

53 521 329 568 acceperis,
367 506 604 552 continuo
653 504 712 550 ad
764 518 914 567 aegros
965 502 1012 549 in
1051 506 1440 563 Nosocomium,

55 573 116 621 ad
151 573 339 620 vinctos
376 569 423 615 in
460 567 735 622 custodias,
772 581 859 615 aut
896 581 1094 631 egentes
1133 568 1251 616 alios
1287 581 1446 616 trans-

61 637 201 684 mitte
237 672 249 684 .
288 634 516 682 Probabit
545 635 598 684 ὃ(
635 633 998 681 commendabit
1044 634 1209 682 videns
1243 632 1450 697 populus

42 702 210 751 'talem
247 713 565 761 acceptorum
600 701 629 746 a
664 712 713 746 te
750 713 999 745 munerum
1037 714 1171 746 usum
1205 732 1217 759 ,
1253 700 1308 750 &
1345 713 1449 746 om-

49 766 96 813 ni
135 781 183 814 te
220 765 535 823 deliciarum,
569 777 654 812 aut
691 775 973 826 quaestuosae
1008 764 1177 829 gratiae
1203 762 1447 826 suspicio-

57 847 117 878 ne
154 829 378 878 absolvet
400 864 410 875 .

117 910 191 961 52.
230 898 307 942 De
347 892 613 943 diversorio
650 890 770 951 tibi,
809 892 1003 955 quando
1054 891 1170 940 illuc
1207 907 1444 954 pervene-

52 960 142 1018 ris,
178 960 407 1023 eligendo
443 991 455 1016 ‚
495 958 756 1019 prudenter
810 958 1033 1019 inspecto
1086 970 1218 1006 statu
1273 973 1434 1006 rerum

52 1027 389 1088 praesentium,
427 1023 682 1078 decerneS‚
723 1033 776 1067 ut
810 1036 896 1069 aut
931 1021 978 1068 in
1029 1023 1226 1084 publico
1265 1026 1446 1070 Xeno·

55 1090 264 1148 dochiO,
304 1100 387 1135 aut
423 1088 470 1134 in
508 1086 711 1135 AEjibus
750 1085 1001 1134 Sodalium
1061 1087 1445 1146 Misericordiae,

53 1167 139 1202 aut
174 1154 222 1198 in
277 1151 569 1200 domuncula
603 1151 791 1211 templo
843 1150 1004 1199 vicina
1038 1183 1050 1210 ,
1090 1167 1235 1213 prout
1285 1152 1440 1217 magis

49 1217 275 1278 expedire
313 1216 577 1274 videbitur,
601 1215 785 1271 habites
809 1252 820 1262 .
843 1215 891 1262 Si
926 1215 1197 1275 contigerit
1232 1230 1282 1265 te
1317 1221 1343 1266 a
1368 1231 1448 1265 me

48 1283 96 1329 in
131 1281 390 1344 Japoniam
427 1280 628 1339 vocari;
666 1280 840 1327 scribes
875 1279 1117 1328 continuo
1152 1282 1213 1328 ad
1254 1284 1446 1331 Recto-

50 1363 150 1396 rem
187 1344 321 1404 hujus
358 1344 569 1411 Collegii
594 1377 605 1403 ‚
628 1344 772 1408 idque
794 1345 974 1392 duabus
1000 1345 1214 1394 tribusve
1251 1346 1338 1394 viis
1361 1361 1447 1408 per

50 1427 199 1459 naves
235 1411 444 1459 totidem
481 1408 658 1458 isthinc
694 1412 852 1459 Goam
879 1425 1036 1458 versus
1060 1409 1308 1459 solventes
1335 1426 1447 1468 ,ro-

52 1492 168 1547 gans
203 1491 321 1523 eum·
346 1489 399 1524 ut
436 1475 690 1538 prowdeat
726 1475 981 1537 aliquem&
1004 1475 1179 1524 nostris
1217 1477 1449 1526 idoneum.

56 1540 272 1601 juvandis
305 1542 361 1592 <Sc
396 1539 700 1588 consolandis
722 1540 904 1588 civibus
940 1539 1073 1588 istius
1110 1540 1451 1604 Urbis,quem

58 1607 106 1653 in
162 1606 218 1654 ea
254 1606 343 1654 tibi
378 1605 592 1654 statione
628 1621 951 1654 successurum
974 1606 1322 1670 quamprimum
1363 1606 1446 1654 de·

61 1683 240 1719 stinet.

134 1751 209 1801 53.
249 1735 318 1784 Ad
357 1749 625 1784 extremum
660 1748 713 1784 te
748 1735 902 1798 ipsum
941 1736 1029 1787 tibi
1052 1737 1138 1800 ipsi
1159 1754 1253 1801 prae
1291 1736 1452 1785 omni-

61 1799 145 1848 bus
180 1801 523 1862 impensissime
560 1807 1157 1867 commendosnunquam
1193 1802 1277 1851 tibi
1318 1801 1453 1852 exci-

57 1865 141 1913 dat
177 1867 412 1915 memoria
447 1881 495 1914 te
532 1869 799 1916 membrum
853 1869 970 1931 Jesu
1007 1867 1271 1917 Societatis
1308 1883 1447 1916 esse.

57 1932 112 1979 In
148 1931 461 1996 singularibus
499 1948 601 1994 quae
638 1948 687 1980 se
723 1932 820 1980 illic
856 1932 1070 1982 offerent
1105 1933 1449 1982 occasionibus

60 1999 374 2059 gerendarum
411 2013 569 2045 rerum
606 2029 618 2055 ,
656 1997 770 2060 quid
824 1999 977 2062 magis
1015 2002 1040 2048 ὲ
1097 1998 1191 2047 Dei
1246 1995 1453 2045 Domini

57 2061 206 2108 nostri
242 2062 478 2124 obsequio
515 2063 606 2121 sit,
646 2062 744 2124 ipse
782 2076 830 2110 te
879 2079 986 2110 usus
1024 2065 1080 2115 &
1117 2078 1319 2126 praesens
1358 2078 1446 2110 ex·

58 2125 294 2186 perientia
331 2126 562 2175 docebit:
590 2143 687 2174 non
709 2127 1012 2182 estxhaculla
1050 2129 1224 2176 melior
1248 2129 1304 2179 ὅ(
1346 2143 1449 2175 cer-

58 2190 156 2236 tior
190 2191 452 2252 piudentiae
492 2193 747 2255 magistra.
790 2194 879 2239 Fac
916 2192 1208 2257 quotidianis
1266 2190 1357 2239 tuis
1392 2191 1450 2245 ὃς

59 2264 254 2301 tuorum
292 2272 410 2319 quos
446 2255 492 2303 in
531 2257 794 2322 Religione
831 2257 1037 2322 diriges,
1074 2257 1294 2320 precibus
1314 2272 1450 2304 com-

62 2318 193 2365 muni
231 2335 304 2367 me
343 2320 561 2371 Domino
597 2323 908 2370 commendes
946 2323 1233 2387 diligenter.
1257 2324 1449 2370 Postre-

62 2398 141 2432 ma
175 2382 333 2450 longae
372 2388 670 2435 Paraeneseos
707 2387 810 2434 haec
845 2388 1142 2451 praescriptio
1192 2386 1254 2437 sit
1289 2402 1302 2435 ε
1341 2385 1451 2434 Sin-

722 2453 762 2501 E
796 2468 828 2517 4
1261 2449 1386 2517 gulis
