1803 3076
419 334 514 371 120
644 318 692 369 S.
726 317 1089 370 FRANCISCI
1131 320 1423 371 XAVERII

352 411 450 472 eius
485 413 819 465 misericordia
861 415 960 465 tale
997 415 1366 479 haudquaquam
1386 414 1522 462 nobis
1557 413 1618 462 ab
1653 431 1735 465 eo

351 479 583 528 auxilium
621 483 925 552 negandum:
963 496 1019 527 ac
1055 481 1165 545 quia
1204 494 1364 529 totum
1419 480 1597 527 bonum
1634 493 1720 529 aut

352 544 533 592 malum
570 559 784 592 nostrum
821 560 870 592 1n
918 546 1039 593 bene
1086 557 1170 594 aut
1220 545 1344 594 male
1390 547 1570 594 utendo
1618 545 1716 593 Dei

348 609 506 676 gratia
559 610 700 659 situm
737 622 834 681 est,
873 610 1073 657 multam
1109 609 1404 658 collocamus
1459 608 1712 669 fiduciam,

349 690 553 737 pr=mum
591 675 636 720 in
676 674 855 722 meritis
876 676 1063 721 Sanctae
1102 676 1274 722 Matris
1304 674 1527 724 Ecclesiae
1561 680 1716 735 Spon-

357 755 417 787 sae
449 740 562 811 Jesu
583 737 759 786 Christi
782 738 989 785 Domini
1027 738 1226 797 Nostri3
1253 740 1429 787 deinde
1461 740 1715 802 peculiari-

347 816 425 853 ter
458 806 504 850 in
541 802 722 850 meritis
748 803 962 850 omnium
999 802 1079 866 qui
1118 802 1165 849 in
1200 804 1315 866 Jesu
1336 804 1587 854 Societate
1604 820 1717 852 cen-

346 880 535 940 sentur,
571 883 629 914 ac
679 868 867 915 univers
874 883 1008 915 orum
1058 867 1302 938 utriusque
1354 883 1522 928 sexuS,
1571 882 1715 933 quot-

347 946 469 1005 quot
506 933 557 978 iis
590 933 902 980 suadentibus
950 943 1036 980 aut
1092 931 1406 997 dirigentibus
1456 935 1569 982 Deo
1621 949 1716 981 ser-

350 998 524 1046 viunt·
565 995 632 1044 ita
668 1009 724 1046 ut
758 998 927 1045 horum
962 996 1098 1044 simul
1135 1013 1349 1044 omnium
1384 999 1715 1069 amplectente

347 1078 437 1111 nos
476 1060 779 1122 patrocinio,
815 1061 1142 1127 suffragiisque
1178 1062 1301 1124 apud
1339 1064 1607 1111 Dominum
1643 1080 1713 1118 Ju-

346 1128 604 1186 vantibuS,
641 1142 883 1189 speremus
918 1143 1003 1174 nos
1041 1126 1170 1198 fideli
1206 1129 1581 1189 cooperatione,
1630 1129 1713 1175 be-

347 1194 406 1240 ne
445 1207 609 1241 usuros
645 1192 895 1242 offerenda
932 1192 1070 1240 nobis
1115 1190 1162 1239 in
1199 1203 1421 1255 tempore
1458 1194 1556 1242 Dei
1607 1196 1716 1241 Do·

344 1257 459 1305 mini
496 1256 682 1323 gratia.

414 1339 487 1371 11
523 1319 711 1395 Ingenti
745 1321 924 1370 solatio
961 1321 1098 1369 nobis
1133 1332 1208 1370 est
1243 1322 1372 1385 quod
1411 1323 1573 1371 Deum
1622 1321 1718 1369 sci-

343 1394 476 1445 mus,
499 1386 784 1435 intimorum
821 1385 976 1435 cordis
997 1387 1187 1434 humani
1209 1402 1429 1435 sensuum
1448 1388 1678 1435 arbitrum
1698 1418 1712 1445 ,

343 1450 473 1502 clare
509 1452 810 1514 perspicere,
851 1451 960 1515 quid
996 1451 1273 1514 cupienteS,
1329 1452 1443 1516 quid
1493 1463 1713 1514 spectan-

342 1526 445 1575 tes,
485 1532 580 1579 quo
618 1528 772 1576 voto,
810 1529 894 1565 aut
930 1532 1063 1575 cujus
1114 1516 1181 1564 rei
1220 1516 1457 1565 desiderio
1510 1518 1571 1564 ad
1622 1517 1715 1565 iter

341 1580 436 1629 hoc
468 1580 765 1643 Japoniense
802 1597 1117 1630 moveamur.
1153 1583 1277 1630 Cum
1313 1583 1439 1632 enim
1477 1581 1613 1630 nobis
1660 1581 1719 1627 si-

341 1661 443 1693 mus
481 1645 697 1706 conscii,
756 1646 869 1694 nihil
907 1647 1049 1709 plane
1084 1662 1171 1694 nos
1206 1646 1334 1694 aliud
1368 1648 1458 1695 ista
1511 1646 1714 1708 expedi-

339 1711 477 1759 tione
514 1710 646 1773 sequi
682 1723 766 1759 aut
802 1724 1032 1774 captare,
1086 1710 1173 1757 nisi
1226 1723 1280 1759 ut
1327 1712 1507 1760 animas
1562 1711 1716 1758 horni-

339 1790 453 1822 num
493 1776 553 1822 ad
591 1775 853 1841 imaginem
918 1777 1017 1825 Dei
1054 1787 1238 1824 creatas
1294 1778 1355 1825 ad
1406 1777 1475 1825 sui
1527 1775 1711 1825 Condi-

340 1840 459 1887 toris
509 1822 813 1906 agnitionem
863 1843 1213 1903 perducamus:
1267 1854 1418 1914 utque
1471 1856 1716 1913 supremus

339 1907 499 1953 Autor
535 1922 690 1953 rerum
727 1905 968 1966 omniurn,
1017 1909 1045 1954 a
1081 1907 1341 1967 creaturis,
1395 1922 1509 1970 quas
1556 1906 1603 1953 in
1656 1921 1715 1952 si-

341 1968 663 2019 militudinem
718 1985 849 2018 suam
906 1970 1153 2030 condidit,
1207 1983 1351 2045 prout
1405 1973 1575 2036 dignus
1641 1983 1715 2019 est

338 2033 594 2096 laudetur3
632 2041 910 2097 postremo,
962 2049 1017 2085 ut
1053 2036 1242 2095 imperii
1296 2040 1485 2085 Sanctae
1537 2034 1712 2083 Matris

339 2098 566 2148 Ecclesiae
616 2116 797 2163 sponsae
817 2103 930 2164 Jesu
967 2100 1345 2151 Christilimites
1383 2115 1712 2162 promovean-

336 2176 445 2223 tur,
491 2164 546 2215 &
594 2166 747 2220 spatia
799 2166 1051 2227 laxentur3
1109 2163 1229 2214 imus
1283 2166 1431 2214 alacri
1487 2166 1710 2230 vigentes

336 2227 541 2286 fiducia,
591 2232 645 2283 ὃ(
695 2230 829 2280 velut
878 2246 1087 2296 accepto
1138 2231 1236 2293 spei
1291 2246 1522 2302 pignore,
1575 2232 1711 2278 certa

337 2294 686 2356 expectatione
723 2312 1005 2369 praesumere
1041 2296 1298 2355 audemus,
1354 2298 1556 2344 ommno
1606 2310 1711 2342 suc-

334 2374 574 2408 cessuram
610 2360 657 2408 in
691 2361 826 2411 laetos
862 2362 1016 2410 exitus
1066 2363 1191 2410 hanc
1237 2361 1582 2424 Japoniensem
1614 2374 1712 2430 pe-

335 2425 724 2490 regrinationem
773 2439 1016 2477 nostram.
1076 2428 1317 2478 Adversus
1366 2428 1514 2492 porro
1565 2421 1716 2474 minas

1478 2503 1645 2546 omnes
