1803 3076
297 245 812 304 EPISTOLARUM.
834 244 937 292 Lib.
954 249 1046 294 111.
1069 248 1154 311 Ep.
1176 248 1281 295 Vn.
1348 258 1415 305 49

86 349 172 409 ris,
210 362 270 395 ne
306 361 406 393 rem
442 343 680 391 continuo
717 340 895 395 factam
917 343 1288 403 arbitrere,aut
1323 353 1373 391 te
1394 350 1474 399 de-

83 413 304 462 functum
341 410 456 457 cura
493 406 626 456 omni
660 425 674 455 .·
711 406 937 473 indagare
987 407 1184 456 ulterius
1238 422 1469 473 oportet,

84 479 140 529 &
175 474 513 538 percontando
551 471 840 533 exculpere,
878 488 979 536 quae
1029 474 1231 539 cognitu
1268 485 1467 527 curatu-

5 569 14 574 =
77 556 172 605 que
227 538 538 596 necessaria,
575 537 723 585 etiam
778 536 943 599 ipsos,
995 555 1088 599 prae
1142 539 1468 603 ignorantia,

77 603 374 668 poenitentes
411 602 612 650 fallunt.
636 603 888 667 Interroga
924 618 1040 668 ergo
1078 606 1233 663 unde,
1273 619 1366 667 qua
1399 624 1472 655 ra-

75 669 214 719 tione
250 680 483 732 quaestum
521 665 703 715 faciant
727 670 899 729 ?quam
917 666 964 714 in
983 671 1468 732 commutationibus,

78 734 501 798 praestationibuS,
525 733 579 782 &
615 732 727 779 tota
763 732 855 780 fide
891 746 1147 794 pactorum
1172 732 1469 794 ,formulam

74 798 603 864 sequantur?reperies
640 796 919 861 plerumque
955 799 1147 846 sordere
1184 801 1330 849 usuris
1351 818 1469 850 cun-

72 878 186 923 cta,
224 865 279 915 <Sc
317 864 574 910 maximam
613 863 824 923 pecuniae
891 876 1079 925 partem
1131 880 1218 926 per
1267 867 1463 929 rapinas

73 944 363 993 congestam
401 928 454 974 iis
489 927 629 989 ipsis,
667 927 747 989 qui
786 942 834 974 se
873 938 1035 975 tamen
1072 928 1377 990 praefidenter
1397 933 1460 981 ab

77 996 212 1042 omni
248 994 546 1057 contagione
582 990 729 1053 iniqui
765 991 883 1039 lucri
922 996 1265 1043 asseverabant
1299 1013 1461 1058 puros,

76 1075 223 1116 vem,
262 1071 314 1106 ut
349 1056 580 1113 aiebant,
619 1055 932 1104 conscientia:
969 1065 1199 1121 nusquam
1237 1060 1360 1123 ipsos
1386 1079 1461 1111 re-

72 1123 416 1185 prehendentis
454 1121 974 1184 testimoni01quippe
995 1125 1155 1171 multis
1191 1123 1259 1172 ita
1295 1127 1461 1175 occal-

69 1187 160 1236 luit
195 1185 528 1244 conscientia,
564 1196 616 1231 ut
651 1183 923 1245 rapinarum
961 1185 1007 1232 in
1044 1189 1198 1235 sinum
1245 1205 1464 1241 corrasa·

70 1268 177 1301 rum
217 1252 362 1300 vastis
399 1249 547 1298 etiam
585 1248 792 1296 molibus
828 1283 840 1310 ,
878 1262 964 1298 aut
1000 1250 1133 1299 nullo
1167 1286 1178 1312 ,
1215 1268 1303 1302 aut
1352 1273 1462 1319 per.

71 1332 251 1382 exrguo
288 1327 551 1381 urgeantur
578 1329 713 1361 sensu
733 1349 746 1362 .

139 1384 211 1431 16.
248 1382 401 1440 Hujus
436 1379 622 1445 generis
677 1378 928 1444 diligentia
972 1380 1254 1430 adhibenda
1304 1383 1462 1443 major

73 1448 222 1495 etiam
257 1447 348 1495 tibi
382 1443 554 1503 fuerit,
580 1443 768 1508 quoties
806 1460 853 1492 se
890 1445 1061 1493 sistent
1096 1446 1143 1494 in
1181 1449 1330 1498 Sacro
1354 1452 1458 1498 Tri-

69 1511 234 1560 bunali
272 1509 484 1560 Ministri
520 1507 692 1574 Regii,
731 1507 1314 1577 Praefecti,Q1aestores,
1351 1516 1463 1564 scri-

70 1577 169 1636 bae,
207 1578 541 1637 redemptores
581 1574 928 1639 vectigalium,
975 1577 1031 1627 δε
1069 1578 1128 1623 ad
1165 1594 1284 1640 quos
1336 1597 1458 1644 quo-

67 1658 274 1705 cumque
311 1640 507 1689 nomine
545 1638 736 1687 Fiscalis
772 1638 988 1702 pecuniae
1026 1657 1082 1688 ac
1128 1639 1298 1698 jurium
1346 1640 1458 1708 pro-

66 1709 253 1755 curatio
289 1706 587 1755 tractatiove
623 1703 784 1767 aliqua
821 1717 1037 1766 pertinet
1069 1742 1080 1753 .
1137 1710 1458 1759 Peraccurate

64 1772 125 1820 ab
163 1773 230 1821 his
267 1772 490 1819 omnibus
526 1770 726 1832 exquire
764 1771 857 1834 qua
893 1771 1083 1819 ratione
1121 1787 1180 1820 ex
1232 1774 1301 1822 sui
1358 1791 1460 1823 ma-

62 1836 289 1903 gistratus
327 1849 410 1885 aut
445 1834 698 1884 ministerii
719 1832 973 1884 functione
994 1850 1336 1902 proventuque
1355 1856 1458 1889 rem

66 1915 280 1967 augeant
303 1905 320 1950 ?
343 1905 398 1954 8(
420 1901 454 1948 si
472 1902 632 1949 dicere
653 1913 976 1960 cunctentur,
1005 1916 1106 1950 arte
1124 1902 1302 1952 blanda
1324 1904 1459 1957 inda-

59 1982 137 2032 ga,
157 1970 361 2016 odorare
381 1982 497 2026 ,non
518 1965 663 2030 longe
682 1968 1021 2026 percontando
1045 1967 1450 2030 circumduxeris,

61 2034 176 2095 quin
212 2034 424 2097 vestigiis
463 2031 590 2079 haud
627 2031 778 2078 dubiis
800 2031 1055 2092 pervenias
1080 2035 1140 2080 ad
1176 2034 1353 2082 cubilia
1375 2036 1447 2097 ip-

62 2111 113 2143 sa
150 2095 368 2145 fraudum
406 2096 902 2158 &monopoliorumd
940 2097 1108 2160 quibus
1145 2099 1449 2148 emolumen-

63 2172 116 2208 ta
150 2163 340 2223 publica
373 2163 420 2209 in
455 2163 668 2223 privatas
704 2162 873 2209 domos
929 2164 1070 2223 pauci
1124 2163 1337 2211 homines
1391 2179 1444 2211 a-

65 2238 294 2285 vertunt,
332 2238 644 2287 praeementes
680 2226 812 2290 regia
848 2227 1052 2288 pecunia
1103 2230 1230 2290 quod
1283 2227 1449 2277 statim

63 2289 349 2351 dispertiant
382 2291 518 2338 lucro
554 2290 639 2337 sibi
674 2290 890 2352 seposito
926 2290 1144 2354 ingenti,
1182 2307 1449 2357 augmento

61 2352 257 2467 {punam
294 2355 446 2419 praetii
480 2354 662 2406 luendo
700 2371 817 2466 mgx
851 2359 896 2403 a
933 2357 1130 2420 Singulis
1181 2373 1301 2431 quos
1353 2373 1447 2407 suae

106 2437 188 2468 orn.
222 2425 289 2470 ΙΙ.
1307 2438 1385 2472 ra-
