1803 3076
371 288 465 337 140
615 271 665 319 S.
699 270 1070 320 FRANCISCI
1108 270 1403 319 XAVERII

306 366 472 424 cedis,
512 381 599 428 pro
637 366 801 414 sedula
838 366 1089 432 diligentia
1140 378 1220 414 tot
1271 381 1543 424 annorum,
1580 367 1700 416 Prae-

288 430 528 489 sectura,
564 429 696 489 cujus
732 431 957 491 memini,
999 430 1288 480 Malacensis
1315 467 1326 478 .
1367 431 1568 478 Primiim
1589 447 1703 493 quia

313 512 424 545 casu
462 497 675 558 quodam
712 493 895 545 factum
933 510 1103 556 est‚ut
1138 512 1306 558 parum
1342 495 1428 558 ipsi
1468 510 1710 559 quaestuo-

313 571 363 610 s'a
399 559 560 620 foret3
593 562 767 608 deinde
803 577 914 623 quia
949 574 1138 623 tempus
1175 559 1273 619 ejus
1310 574 1474 608 totum
1509 561 1709 621 explere

314 642 412 674 non
452 626 648 686 potuit:
687 640 832 687 quare
870 625 979 685 hinc
1013 641 1195 687 pauper
1231 627 1435 673 discedit
1468 660 1479 671 .
1520 628 1710 690 Digna-

315 707 367 739 re
411 689 653 748 Domine,
692 689 735 736 ei
772 690 1047 748 consulere,
1105 689 1272 752 utique
1322 689 1507 738 homini
1560 707 1713 754 quan-

316 768 492 804 tamvis
532 757 560 802 a
596 751 852 809 maiestate
890 767 972 801 tua
1021 766 1226 819 gratiam
1281 756 1490 803 merito.
1526 755 1714 814 Adiun-

317 834 404 884 gat
443 833 615 878 precor
658 821 789 866 Deus
828 821 1071 866 Dominus
1106 831 1271 866 noster
1323 819 1498 868 multos
1550 837 1708 870 annos

319 886 378 932 ad
419 885 567 930 vitam
604 883 864 931 florentem
900 885 953 935 &
992 881 1186 932 felicem
1242 882 1513 941 Maiestatis
1564 886 1712 935 Tuae:

320 950 663 1011 concedatque
701 964 786 1009 per
835 964 967 996 suam
1022 948 1333 996 clementiam
1384 948 1501 1007 tibi,
1554 962 1608 998 ut
1658 953 1710 999 in

318 1013 410 1062 hac
450 1014 548 1061 vita
572 1028 841 1073 rognoscas
864 1013 1225 1062 Sanctissimam
1248 1030 1345 1070 elus
1370 1013 1715 1076 Voluntatem;

317 1078 624 1143 benigneque
661 1080 938 1141 suppeditet
974 1079 1095 1127 vires
1133 1078 1279 1125 animi
1315 1078 1616 1127 abundantes
1649 1081 1711 1128 ad

320 1158 377 1191 ea
417 1149 650 1201 sensibus,
691 1142 946 1205 operibus,
985 1142 1237 1192 affectibus
1274 1145 1463 1208 agenda
1497 1161 1602 1208 quae
1637 1161 1712 1193 su-

318 1224 489 1273 premo
528 1222 750 1266 tempore
789 1207 954 1256 fecisse
992 1222 1040 1256 te
1078 1210 1341 1268 gauderes.

451 1272 650 1321 Malaca
686 1275 772 1322 IX.
809 1273 916 1321 Kal.
950 1269 1103 1337 Julias
1139 1276 1283 1322 Anno
1328 1275 1715 1329 CIDIDXLIX.

453 1398 733 1460 Maiestatis
769 1415 863 1452 tuae
899 1418 1060 1453 servus
1095 1401 1308 1452 inutilis.

1276 1536 1550 1583 Franciscus
1567 1569 1580 1582 .

584 1660 1129 1712 EPISTOLA
1198 1662 1462 1711 XVII.

817 1789 998 1853 Joanni
1038 1792 1228 1840 Bravo.

594 1920 756 1966 Forma
789 1923 903 1969 vitae
938 1923 1145 1986 religios&
1195 1920 1442 1971 ducendae.

336 2062 377 2098 1-
415 2045 747 2159 CArissime
784 2049 982 2097 Frater:
1021 2049 1167 2098 velim
1216 2060 1266 2098 te
1315 2049 1514 2116 singulis
1557 2049 1724 2101 diebus

554 2112 679 2160 hunc
717 2112 954 2176 religiosae
990 2115 1103 2163 vitae
1154 2116 1389 2164 Ordinem
1429 2119 1727 2165 constantis-

327 2173 447 2224 sime
481 2189 650 2224 tenere
671 2215 682 2225 .
706 2180 855 2228 Mane
891 2196 998 2227 cum
1020 2179 1221 2242 primum
1257 2180 1564 2246 evigilaveris
1596 2197 1726 2243 mys-

326 2244 506 2288 terium
543 2242 653 2290 vitae
689 2243 1196 2307 Christiflncipiendo
1231 2247 1258 2292 a
1295 2258 1464 2293 sancta
1502 2245 1600 2305 ejus
1623 2249 1727 2296 Na-

328 2305 560 2364 tivitate3
597 2307 651 2359 <Sc
687 2323 754 2354 sic
789 2309 1022 2357 contiuua
1057 2309 1177 2358 serie
1212 2310 1527 2371 procedendo
1573 2326 1723 2374 usque

331 2370 395 2418 ad
429 2369 641 2431 ejusdem
674 2372 1013 2438 triumphalem
1047 2376 1096 2425 in
1128 2376 1283 2425 coelos
1315 2378 1578 2427 Ascensum
1599 2411 1611 2423 .
1633 2378 1723 2425 Ar-

1574 2456 1660 2506 gu·
