1803 3076
201 287 723 345 EPISTOLARUM.
760 285 860 333 Lib.
880 286 1079 351 111.Ep.
1101 286 1219 334 ΧΠ.
1287 300 1376 354 105

316 384 485 434 Gratia
521 386 576 438 &
611 382 831 432 Charitas
868 386 932 432 D.
970 383 1036 433 N.
1073 383 1174 436 &a

66 532 86 568 1
125 512 354 628 SCripsi
376 515 433 563 ad
455 529 539 562 vos
559 512 796 579 Januario
822 528 987 562 mense
1010 509 1123 560 anni
1156 503 1439 571 superioris,

233 595 370 643 quam
405 579 571 628 uberes
606 578 874 627 animarum
899 576 1076 626 fructus
1116 592 1175 624 ex
1213 575 1284 622 his
1321 570 1445 622 locis

61 646 419 708 percipiantur,
443 646 771 709 quantumque
791 643 869 693 vel
889 643 937 691 in
974 642 1312 692 Lusitanorum
1334 670 1345 697 ‚
1367 631 1447 683 vel

61 711 109 758 in
150 708 465 759 Ethnicorum
501 709 688 771 oppidis
727 722 1022 772 propagetur
1058 704 1338 755 Christiana
1375 717 1450 751 re·

60 775 219 840 ligi03
257 774 478 838 idemque
513 787 703 823 ceteros
741 773 946 831 Socios,
985 773 1065 836 qui
1100 787 1148 820 in
1197 770 1324 821 hisce
1377 766 1449 813 lo-

61 844 128 888 cis
183 853 486 899 versantur,
559 855 644 899 pro
694 854 777 886 sua
829 852 1068 902 quemque
1140 846 1279 898 parte
1349 830 1452 883 fac-

60 917 218 954 turum
256 904 496 951 arbitror.
534 905 639 968 Ego
677 919 737 952 ex
779 904 915 951 India
961 900 1228 966 Japoniam
1288 910 1447 946 versus

63 969 218 1031 Aprili
251 984 411 1015 mense
448 967 668 1027 discessi,
705 968 964 1017 comitibus
1001 967 1185 1014 duobus
1221 965 1246 1012 ὲ
1287 961 1450 1011 Socie-

63 1045 202 1091 tate,
240 1035 397 1080 altero
452 1032 719 1080 Sacerdote
753 1065 764 1091 ,
803 1033 1090 1080 adm3nistro
1149 1029 1306 1076 altero
1345 1061 1356 1087 ,
1393 1039 1451 1073 ac

61 1112 291 1160 praeterea
326 1096 599 1158 Japonibus
639 1097 918 1157 Neophytis
968 1097 1116 1144 tribus
1150 1127 1161 1148 .
1215 1096 1291 1156 qui
1341 1102 1452 1153 post

62 1163 193 1223 iacta
230 1161 362 1209 Fidei
400 1160 720 1209 fundamenta
759 1162 804 1207 in
828 1161 1057 1226 Collegio
1096 1164 1140 1206 S.
1164 1157 1290 1206 Fidei
1316 1154 1456 1206 Chri-

60 1229 310 1290 stianaque
349 1228 580 1288 mysteria
616 1228 729 1274 satis
772 1241 1030 1287 percepta,
1072 1226 1324 1285 Baptisrno
1360 1222 1452 1268 rite

61 1292 244 1352 expiati
280 1293 593 1339 humanarum
632 1291 996 1354 divinarumque
1029 1304 1184 1337 rerum
1246 1286 1453 1335 medita-

61 1357 275 1406 tionibus
314 1372 499 1404 summo
536 1355 694 1405 stulio
731 1355 932 1419 parique
971 1353 1129 1401 f‘uctu
1185 1365 1452 1401 exercuere

64 1437 200 1471 sese.
239 1423 364 1469 Nam
415 1420 641 1485 singulari
700 1422 796 1470 Dei
852 1419 1159 1481 benignitate
1215 1418 1342 1465 adeo
1396 1414 1456 1463 ad

65 1485 277 1536 coelestis
314 1501 426 1551 erga
465 1501 513 1532 se
550 1487 784 1549 largitatis
821 1486 1159 1547 cognitionem
1219 1480 1421 1531 excitati
1445 1511 1458 1538 ,

69 1551 337 1613 divinisque
399 1550 655 1598 virtutibus
709 1547 942 1600 cumulasti
995 1562 1128 1606 sunt,
1178 1561 1231 1598 ut
1285 1548 1461 1594 merito

66 1631 153 1665 vos
190 1631 359 1665 ornnes
398 1627 507 1673 tot,
546 1626 893 1679 tantorumque
930 1616 1199 1662 bonorum.
1229 1630 1330 1676 quae
1358 1613 1458 1658 De-

66 1696 117 1730 us
156 1682 202 1728 in
237 1680 348 1729 illos
404 1682 574 1743 plena.
629 1695 682 1728 ut
731 1682 930 1740 dicitur,
987 1678 1231 1743 congessit
1279 1691 1453 1733 manu,

65 1744 319 1810 participes
356 1761 456 1793 esse
494 1745 772 1808 cupiamus.
811 1749 873 1794 Et
928 1744 1156 1809 quoniam
1194 1742 1321 1805 apud
1370 1754 1458 1787 nos

63 1810 228 1875 legere
285 1811 339 1861 &
390 1810 598 1858 scribere
667 1812 984 1869 didicerunt,
1022 1810 1331 1871 precationes
1386 1820 1448 1853 ex

64 1888 243 1937 scripto
292 1875 503 1923 recitant
540 1877 654 1923 sane
699 1876 985 1942 dxligenter.

133 1957 176 1990 2.
213 1940 528 1988 Percontanti
566 1940 679 1988 mihi
703 1975 713 2000 ‚
740 1959 785 1989 in
823 1958 919 2006 quo
960 1938 1257 1993 potissimum
1308 1952 1458 2001 gene-

64 2020 115 2054 re
163 2005 493 2054 meditationis
532 2006 801 2066 reperirent
836 2021 1023 2054 sensum
1050 2007 1338 2067 gustumque
1360 2000 1459 2063 pie-

65 2070 212 2118 tatis,
250 2072 305 2116 In
344 2069 527 2119 Christi
565 2071 855 2119 cruciatibus
884 2071 1302 2131 2atrocissim21que
1341 2081 1460 2114 nece

67 2134 449 2195 responderunt.
487 2140 660 2198 ltaque
692 2136 739 2184 in
763 2139 889 2184 hanc
925 2135 1188 2183 lectionem
1212 2167 1222 2186 2
1261 2133 1461 2179 medita·

66 2199 354 2269 tionemque
392 2201 627 2261 praecipue
671 2201 959 2249 incumbunt
994 2236 1005 2247 .
1045 2197 1289 2260 Quamdiu
1347 2206 1461 2244 sunt

68 2278 118 2308 1n
166 2263 487 2324 spiritualibus
526 2267 959 2315 exercitationibus
1013 2263 1215 2319 versati,
1266 2273 1460 2309 tantum

67 2325 181 2375 inde
234 2329 445 2377 coelestis
491 2328 704 2388 laetitiae,
743 2332 1025 2394 piarumque
1066 2331 1264 2376 hausere
1303 2327 1457 2388 lacry-

71 2406 350 2451 marum2ut
379 2393 428 2442 in
465 2394 639 2443 multos
661 2396 887 2459 deinceps
923 2409 1112 2442 menses
1132 2392 1458 2440 redundaret.

1260 2460 1398 2521 Sym·
