1803 3076
244 301 871 356 EPISTOLARUM.L1·.⁷2.
905 304 982 351 Vr.
1024 304 1197 367 Epsll.
1296 318 1394 369 ²47

96 400 397 462 sciplinarum
435 398 676 446 omniurn.
712 399 806 446 Sed
859 396 1027 446 Bonzii
1058 397 1113 448 ὅτ
1165 397 1359 446 Bonziae
1407 397 1467 446 de

93 482 281 513 suarum
315 465 472 528 legum
510 464 698 512 ratione
736 463 881 511 verba
918 461 1149 510 facientes
1201 463 1260 509 ad
1311 478 1467 524 popu-

93 532 220 587 lum,
260 529 302 578 ei
339 541 701 589 persuaserunt,
741 529 838 576 fieri
876 543 973 575 non
1009 543 1175 588 posse,
1213 539 1265 574 ut
1302 525 1466 588 profa-

94 595 143 641 ni
179 594 395 640 homines
432 593 620 641 urbanis
655 593 859 658 negotiis
896 591 1131 656 implicati
1169 591 1378 656 quinque
1412 589 1469 638 il-

93 657 142 705 la
175 670 414 719 praecepta
450 670 678 706 servent.

167 739 239 771 10.
275 721 477 770 Proinde
516 737 743 785 praestare
775 738 825 770 se
862 721 1028 781 velle,
1066 720 1289 785 quicquid
1324 737 1467 784 prop-

94 799 169 835 ter
204 802 366 834 earum
398 786 556 851 legum
597 787 943 852 negligentiam
980 788 1091 836 mali
1110 800 1259 849 atque
1281 786 1468 834 incom-

96 851 228 899 modi
266 851 357 898 illis
391 853 612 900 accidere
646 855 823 914 possit,
861 853 945 899 sub
978 869 1035 900 ea
1070 852 1355 902 conditione
1380 884 1392 911 ,
1414 863 1471 901 ut

91 915 295 978 populus
331 916 600 975 domicilia,
639 916 894 974 coenobia,
932 917 1111 966 reditus
1147 931 1469 978 annuos,pe-

93 982 356 1044 cunzasque
391 981 450 1027 ad
488 997 591 1029 usus
629 981 835 1042 ipsorum
873 982 1165 1030 necessarios
1214 993 1372 1039 curet,
1413 981 1471 1031 &2

92 1046 277 1093 scilicet
311 1046 544 1093 honorem
584 1045 649 1093 eis
685 1046 741 1096 <31
775 1046 959 1094 cultum
1014 1048 1192 1096 tribuat
1226 1081 1234 1092 .
1276 1049 1391 1094 Haec
1432 1045 1471 1092 si

91 1109 290 1172 populus
328 1107 501 1168 faciat,
545 1109 669 1169 ipsos
707 1110 930 1173 quicquid
966 1110 1124 1173 legum
1163 1110 1250 1168 sit,
1276 1124 1470 1172 propo-

87 1175 202 1236 pulo
237 1186 537 1222 servaturos.
571 1176 814 1241 roirca
854 1175 939 1222 viri
977 1176 1183 1236 primarii
1234 1188 1381 1237 atque
1418 1190 1472 1222 o·-

88 1238 298 1301 pulenti‚
336 1250 391 1286 ut
427 1236 596 1295 maiori
636 1238 864 1296 peccandi
917 1239 1119 1288 licentla
1174 1238 1470 1298 fruerentur,

90 1302 282 1350 Bonziis
319 1303 565 1365 postulata
602 1305 764 1352 omnia
802 1307 1267 1352 concesserunt.lta
1304 1303 1473 1350 Bonzii

88 1368 213 1428 apud
246 1368 462 1430 Japones
484 1384 702 1434 magnam
723 1370 903 1418 habent
924 1369 1333 1425 venerationem;
1369 1367 1472 1414 vul-

89 1436 251 1496 goque
284 1447 556 1494 persuasum
592 1446 663 1482 est
699 1434 918 1482 omnibus
953 1467 963 1490 ‚
1019 1449 1184 1482 eorum
1238 1434 1470 1493 depreca-

87 1497 224 1544 tione
259 1497 445 1544 animos
482 1499 679 1547 evocari
716 1499 774 1546 ab
823 1496 985 1547 inferis
1024 1516 1036 1557 ;
1088 1497 1318 1562 quoniam
1374 1498 1467 1545 hoc

85 1559 257 1610 Bonzii
291 1577 625 1624 susceperunt,
663 1575 716 1612 ut
752 1581 838 1627 pro
874 1562 1055 1627 populo
1090 1565 1147 1612 de
1195 1561 1380 1630 legibus
1414 1561 1472 1610 il-

84 1624 142 1673 lis
177 1624 506 1675 satisfaciant.

157 1708 230 1740 11.
263 1691 637 1741 Concionantur
673 1692 843 1742 Bonzii
890 1695 1034 1744 certis
1089 1692 1253 1742 diebus
1292 1728 1304 1741 .
1339 1695 1474 1742 Con-

91 1754 285 1804 ciouum
321 1756 538 1805 omnium
575 1772 725 1819 caput
761 1772 833 1808 est
871 1777 884 1819 ;
920 1762 1162 1808 nerninem
1214 1761 1241 1807 ὲ
1291 1757 1476 1820 populo

93 1821 371 1868 damnatum
407 1821 460 1868 iri
497 1823 556 1870 ad
592 1823 804 1883 inferos,
843 1825 1057 1888 quamvis
1095 1823 1247 1872 multa
1298 1824 1354 1874 δε
1391 1823 1476 1870 de-

89 1885 284 1948 liquerit
319 1887 375 1938 &
410 1886 684 1950 delinquat.
723 1891 826 1937 Suae
881 1891 1056 1953 quippe
1109 1901 1251 1937 sectae
1302 1899 1477 1935 aucto-

95 1966 196 1998 rem
233 1965 342 2009 eos,
380 1950 414 1998 si
452 1949 581 2001 forte
615 1954 675 2001 ad
711 1952 888 2002 inferos
925 1954 1126 2020 relegati
1161 1953 1282 2010 sint,
1319 1954 1345 2001 ὲ
1374 1967 1475 1999 me-

93 2014 178 2085 diis
214 2015 451 2077 suppliciis
476 2017 862 2078 vindicaturum
882 2020 1139 2080 praesertim
1159 2020 1275 2065 vero
1293 2018 1326 2065 si
1349 2019 1478 2065 Bon-

96 2094 186 2136 zu‚
224 2080 303 2142 qui
339 2097 424 2143 pro
461 2083 528 2129 his
579 2081 917 2132 satisfecerunt
953 2117 965 2143 ,
1002 2085 1342 2140 deprecatores
1390 2094 1473 2128 ac·

93 2145 350 2192 cesserint.
387 2147 447 2194 Et
483 2151 601 2195 vero
638 2148 804 2195 Bonzii
842 2149 926 2210 ipsi
963 2149 1108 2213 vulgo
1144 2149 1200 2195 de
1236 2162 1318 2193 sua
1368 2159 1478 2193 san-

96 2208 303 2264 ctitate,
341 2210 470 2272 quod
507 2213 716 2274 quinque
750 2210 839 2258 illis
890 2211 1075 2278 legibus
1128 2223 1328 2274 pareant
1365 2243 1376 2266 ‚
1413 2207 1478 2257 ad

93 2272 322 2334 populum
340 2276 444 2322 sane
461 2277 710 2339 magnifice
729 2277 986 2336 praedicant
1027 2277 1181 2325 Iidem
1206 2288 1368 2323 autem
1391 2289 1478 2322 ne-

94 2350 217 2400 gant
237 2338 518 2399 pauperibus
541 2344 563 2398 (
585 2341 760 2404 quippe
786 2342 864 2402 qui
885 2342 1091 2406 benigne
1131 2339 1321 2388 Bonziis
1358 2337 1479 2386 faci-

103 2400 212 2448 endi
237 2417 434 2452 careant
458 2403 721 2472 facultate)
743 2406 890 2456 ullam
912 2403 1113 2471 relinqui
1136 2420 1266 2468 spem
1283 2420 1343 2453 ex
1361 2400 1484 2475 infe-v

752 2473 866 2538 Q4
1359 2482 1420 2517 ns
