1803 3076
181 299 660 353 musi-omnum
682 336 694 347 .
716 301 1249 364 Lib.111.Ep.XX111.
1317 313 1405 366 213

100 402 182 459 tii,
219 398 468 448 eminente
505 411 690 457 semper
724 395 1001 444 autoritatis
1037 406 1132 442 tuae
1169 391 1339 443 favore
1376 410 1476 442 am-

100 479 304 529 putans;
341 462 421 508 sed
456 461 515 508 ad
549 462 720 525 gratiae
772 461 1014 508 cumulum
1069 460 1195 507 dona
1248 471 1479 522 praeterea

103 529 252 577 multa
285 526 493 589 pretiosa
527 524 767 583 adjecisti,
790 525 954 590 quibus
994 523 1126 582 hujus
1163 536 1300 573 terrae
1353 525 1480 585 prin·

103 595 260 655 cipum
310 591 625 639 necessariam
660 592 796 639 nobis
848 588 1243 640 benevolentiam
1288 604 1481 654 parare·

104 672 237 708 mus.

166 738 208 771 2.
244 721 367 768 Cum
405 718 474 768 his
509 719 629 768 salvi
664 733 811 785 atque
849 719 1141 778 incolumes,
1163 721 1278 768 Deo
1313 714 1483 774 iuvan-

99 798 182 846 te,
221 785 406 834 XVffl.
444 785 645 834 Kalend.
682 785 977 847 Septembris
1014 784 1205 844 fausto,
1233 786 1288 836 δε
1323 785 1481 848 auspi-

103 865 218 900 cato
256 850 362 906 die,
404 851 631 899 videlicet
668 854 928 912 Assumptae
965 850 1012 896 in
1050 848 1245 898 Coelum
1300 850 1484 912 Deipa-

101 935 162 964 rae
200 918 378 973 Sacro,
415 915 679 978 appulimus
717 915 1329 979 Cangoximam,patriam
1352 913 1486 964 Pauli

105 984 294 1030 Sanctae
331 980 492 1039 Fidei3
529 978 661 1035 cuius
695 981 854 1044 gratia
904 984 931 1029 a
982 979 1218 1028 Praefecto
1252 980 1350 1027 loc1
1381 1013 1392 1040 ‚
1429 980 1487 1031 ὅ(

106 1045 301 1103 Rachle,
339 1044 659 1107 universoque
695 1046 881 1106 populo
918 1047 1031 1093 sane
1067 1057 1286 1092 amanter
1329 1059 1490 1092 sumus

104 1110 329 1172 excepti.
369 1107 496 1156 l’auli
534 1109 743 1167 ejusdem
779 1110 854 1158 fidi
893 1111 1044 1157 nostri
1082 1111 1274 1157 com³tis
1311 1111 1483 1158 statim

105 1174 305 1224 emicuit
343 1173 616 1238 Religionis
652 1174 777 1221 haud
814 1175 923 1223 ficte
943 1186 1173 1235 susceptae
1196 1172 1325 1221 zelus
1347 1210 1357 1220 .
1382 1176 1490 1222 No-

107 1253 211 1289 ctes
245 1238 437 1302 diesque
468 1251 616 1302 ¹totas
663 1239 962 1300 parentibus,
1000 1238 1252 1302 cognatis,
1293 1239 1488 1299 amicis,

112 1303 269 1353 omnis
303 1303 489 1363 aetatis,
525 1302 663 1352 sortis
700 1319 756 1351 ac
793 1305 978 1369 generis
1033 1318 1305 1366 proponere
1344 1304 1489 1350 Chri-

109 1371 167 1419 sti
204 1370 474 1417 doctrinam
509 1384 567 1416 ae
604 1370 802 1416 suadere
844 1367 1039 1426 institit,
1065 1381 1162 1416 tam
1207 1365 1486 1427 efficaciter,

117 1447 171 1482 ut
208 1432 302 1492 jam
339 1434 532 1497 quando
570 1434 668 1480 haec
702 1434 889 1493 scribo,
914 1446 1115 1481 matrem
1154 1433 1209 1484 δε
1263 1448 1493 1493 uxorem,

114 1511 352 1564 cognatos
389 1513 721 1563 cognatasque
770 1515 826 1546 ac
876 1498 1353 1564 consanguinitatem
1389 1497 1493 1545 uni-

119 1579 305 1613 versam
341 1565 585 1626 utriusque
622 1579 787 1615 sexusq
810 1566 1193 1627 caeterorumque
1227 1562 1498 1610 amicorum

117 1646 174 1677 ac
212 1640 427 1675 veterum
477 1627 791 1676 familiarium
829 1644 927 1676 non
964 1628 1192 1696 exiguum
1222 1644 1497 1687 numerum,

116 1692 411 1743 Christianos
446 1692 698 1741 effecerit.

183 1774 225 1825 3.
261 1759 345 1805 Est
380 1759 478 1805 haec
516 1773 671 1812 terra,
699 1771 931 1822 quantum
951 1758 1185 1806 hactenus
1221 1756 1359 1818 potui
1381 1772 1492 1819 per-

115 1826 328 1887 spicere,
351 1820 420 1870 ita
458 1838 580 1870 nunc
602 1828 713 1883 apte
750 1840 806 1871 ac
843 1824 1130 1885 tempestive
1169 1822 1398 1884 disposita
1434 1821 1498 1869 ad

117 1887 427 1950 excipiendos
464 1888 672 1936 coelestis
725 1889 955 1936 doctrinae
993 1898 1167 1946 satus',
1205 1901 1259 1936 ut
1305 1903 1366 1935 ex
1402 1886 1491 1945 ea,

119 1959 156 2003 si
194 1954 378 2000 cultura
414 1968 511 2000 non
549 1953 706 2012 desit,
738 1955 907 2001 uberes
938 1952 1037 2011 jure
1075 1953 1266 2015 optimo
1302 1966 1499 2013 speren-

118 2032 197 2067 tur
233 2016 410 2066 fruetus
445 2018 742 2066 animarum.
780 2019 934 2067 Natio
972 2020 1070 2066 haec
1124 2030 1196 2065 est
1249 2016 1502 2065 hominum

124 2084 172 2130 in
210 2082 302 2147 qua⁴
338 2081 413 2130 vel
450 2082 701 2143 plurimum
738 2099 880 2145 supra
938 2082 1325 2145 perturbationes
1373 2081 1500 2152 ratio

124 2149 291 2196 valet.
316 2148 425 2195 Nec
459 2164 561 2212 quae
599 2162 807 2211 peccant
843 2148 1043 2211 plurima
1079 2160 1249 2195 contra
1287 2145 1406 2195 recti
1430 2160 1501 2201 Ju-

126 2212 234 2260 dicii
273 2212 589 2261 autoritatem
623 2214 964 2275 praescribunt3
1003 2226 1164 2261 errant
1216 2210 1340 2259 enim
1397 2208 1501 2258 fere

123 2294 208 2342 per
242 2276 670 2340 ignorantiam,ut
705 2291 936 2341 appareat
952 2278 1318 2333 emendaturos,
1355 2275 1392 2322 si
1414 2274 1504 2322 do-

123 2356 358 2390 ceantur.
397 2344 565 2405 Itaque
603 2344 851 2405 imperium
887 2342 1070 2391 rationi
1121 2356 1255 2388 suum
1304 2338 1415 2394 mali
1449 2354 1500 2387 e-

122 2407 243 2457 tiam
279 2422 435 2456 mores
472 2409 835 2472 quodammodo
891 2408 1134 2475 integrum
1186 2404 1506 2468 relinquunt:

720 2474 768 2524 O
804 2488 831 2543 3
1326 2470 1439 2520 dum
