1803 3076
399 291 485 343 :80
580 313 588 321 ·
648 290 698 341 S.
732 288 1098 342 FRANCISCI
1142 290 1438 341 XAVERII

355 386 581 438 Domino
617 386 912 450 petendum,
948 399 1002 437 ut
1036 387 1316 453 dignaretur
1349 403 1484 437 sensu
1522 386 1735 451 quodam

354 452 532 502 intimo
568 452 615 499 in
652 454 861 499 animum
900 468 1058 501 meum
1094 454 1303 510 immisso
1339 453 1738 519 significare‚ec-

357 519 474 582 quid
506 517 593 579 ipsi
627 517 758 566 cordi
795 529 950 576 esset,
988 533 1062 566 me
1116 519 1204 568 illo
1256 518 1494 581 proficisci
1528 535 1541 575 ;
1576 516 1737 565 simul-

358 599 454 646 que
490 583 628 631 daret
664 581 787 630 vires
824 582 884 628 ad
937 583 1279 642 perficiendum
1337 583 1467 648 quod
1515 581 1739 641 iuberet.

357 647 547 699 Piacuit
583 646 777 695 Divinae
815 642 1096 703 Maiestati„
1135 646 1235 706 ejus
1271 664 1347 696 me
1384 647 1488 696 voti
1537 662 1742 708 compo·

363 726 467 763 tem
504 708 863 759 facere.Plane
884 711 1116 774 siquidem
1135 712 1180 758 in
1203 713 1362 760 animo
1399 728 1511 761 meo
1547 712 1739 770 sentio,

362 777 420 830 ὅ(
456 777 648 839 penitus
683 790 932 836 persuasus
967 789 1101 835 sum,
1138 778 1367 837 expedire
1422 779 1484 825 ad
1523 775 1618 825 Dei
1655 777 1742 824 ob-

361 847 582 905 sequium
617 855 692 886 me
730 841 777 886 in
824 840 1083 901 Japoniam
1133 842 1334 889 tendere
1369 876 1380 889 .
1417 844 1544 905 Ergo
1593 839 1745 888 alacri

360 907 532 971 vigens
570 903 772 961 fiducia,
796 920 954 952 moras
975 906 1146 971 abrupi
1183 922 1351 962 omnes
1388 922 1447 954 ex
1483 905 1620 955 India
1642 903 1740 952 sol-

361 987 511 1031 vens;
549 980 602 1017 ut
638 967 733 1027 iam
771 969 895 1017 haud
929 970 1070 1020 dubie
1119 984 1384 1028 vocantem
1421 1004 1433 1031 ‚
1471 969 1746 1033 crebrisque

362 1050 423 1084 ac
458 1033 825 1084 vehementibus
862 1033 1151 1086 incitantem
1187 1037 1248 1085 ad
1282 1037 1408 1085 istud
1443 1047 1536 1086 iter
1570 1033 1745 1099 impul-

364 1099 491 1152 sibus
531 1102 693 1149 Deum
728 1114 983 1163 sequerer.

437 1181 480 1215 2.
515 1167 588 1214 Eo
636 1178 771 1213 cursu
823 1165 949 1214 hunc
1003 1164 1211 1214 Malacae
1263 1168 1461 1214 Portum
1507 1163 1750 1214 tenuimus

367 1229 468 1280 duo
505 1228 637 1280 Socii
672 1242 886 1285 mecum«,
908 1231 965 1281 &
1000 1242 1095 1278 tres
1129 1232 1346 1295 Japones
1380 1229 1639 1278 Christiani
1676 1245 1749 1277 re-

371 1306 574 1354 centeS‚
611 1295 693 1342 sed
730 1293 870 1343 valde
909 1294 1154 1358 boni‚q;i
1189 1308 1300 1357 post
1335 1294 1473 1357 plene
1509 1305 1749 1356 percepta

364 1362 483 1426 Jesu
523 1358 703 1408 Christi
729 1358 927 1406 Domini
964 1361 1112 1407 nostri
1150 1361 1260 1409 vitae
1294 1376 1351 1406 ac
1372 1360 1607 1407 doctrinae
1646 1374 1750 1419 my-

370 1423 519 1475 steria
554 1424 610 1476 &
649 1425 907 1487 dogmata,
939 1426 1059 1472 Goae
1097 1424 1142 1472 in
1182 1422 1414 1491 Collegio
1453 1426 1643 1473 Sanctae
1681 1422 1753 1472 Fi-

365 1487 450 1539 dei
486 1487 727 1551 baptizati
765 1502 905 1539 sunt.
942 1492 1127 1538 Omnes
1165 1489 1326 1553 legere
1363 1505 1496 1536 more
1550 1501 1750 1548 nostro,

369 1570 430 1604 ac
463 1554 669 1602 scribere
706 1553 998 1612 didicerunt,
1038 1554 1346 1618 recitantque
1382 1553 1752 1603 Ecclesiasticas

371 1633 576 1685 preceS,
613 1634 670 1667 ac
704 1621 842 1668 statis
881 1621 1008 1667 horis
1046 1620 1209 1668 divina
1246 1620 1542 1667 meditantur
1585 1655 1597 1667 .
1641 1621 1782 1667 Mov-

370 1697 459 1733 vet
493 1682 599 1735 illos
635 1697 782 1747 atque
818 1683 970 1733 afficit
1006 1685 1243 1746 praeeipue
1307 1683 1638 1733 consideratio
1685 1682 1757 1731 la-

373 1751 543 1799 borum
581 1749 637 1801 &
675 1748 897 1798 doiorum
934 1750 1140 1809 Chi-isti,
1179 1749 1442 1813 Crucisque
1477 1765 1535 1798 ac
1586 1748 1755 1797 mortis

368 1814 474 1873 eius
509 1813 812 1873 recordatio,
850 1814 896 1860 in
935 1815 1029 1876 qua
1076 1817 1187 1870 sene
1241 1816 1425 1880 magnis
1485 1815 1760 1864 animorum

372 1879 586 1929 sensibus
623 1881 678 1931 &
713 1879 893 1927 teneris
929 1879 1182 1929 affectibus
1220 1894 1504 1928 versantur.
1542 1879 1759 1929 Medita-

375 1943 595 1995 tionibus
631 1943 852 1992 asceticis
903 1945 1052 1995 Patris
1108 1944 1286 2010 Ignatii
1338 1959 1554 1994 mentem
1607 1959 1759 1992 exco-

374 2011 571 2061 luerunt
623 2009 900 2058 attentione
936 2011 1118 2060 summa
1152 2043 1163 2069 ,
1203 2009 1444 2074 mirosque
1494 2008 1605 2059 inde
1662 2006 1762 2056 fru-

376 2088 483 2125 ctus
504 2082 812 2137 reportarunt
847 2073 1064 2138 clarioris
1088 2074 1177 2124 Dei
1199 2076 1387 2123 notitiae
1409 2087 1420 2122 ἐ
1443 2071 1761 2137 frequentant

374 2153 555 2201 sponte
592 2141 908 2188 Sacramenta
931 2140 1267 2189 Confessionis
1291 2140 1345 2193 <31
1368 2139 1759 2198 Communionis;

376 2208 434 2259 &
470 2205 527 2252 ad
561 2205 653 2253 hoc
690 2205 939 2252 nobiscum
977 2207 1066 2254 iter
1102 2205 1375 2265 ingentibus
1412 2202 1657 2252 desideriis
1686 2218 1761 2249 ur-

377 2282 555 2338 gentur
590 2268 982 2319 adducendorum
1017 2271 1077 2319 ad
1111 2267 1289 2319 Christi
1328 2268 1638 2336 Religionem
1673 2283 1763 2331 po·

377 2335 612 2403 pularium
649 2351 869 2382 suorum.

443 2416 490 2473 3.
523 2400 832 2451 Pervenimus
867 2401 958 2451 huc
978 2433 992 2463 ,
1029 2416 1112 2451 sex
1147 2417 1267 2468 quos
1304 2399 1584 2452 enumeravi
1605 2399 1763 2511 ,lMa·

1652 2477 1701 2511 a-
