1803 3076
376 313 471 367 194
634 294 682 347 S.
714 294 1083 346 FRANCISCI
1122 292 1414 343 XAVERII

302 404 470 440 verum
507 387 667 437 defuit
701 385 877 435 artifex
899 423 910 435 .
949 388 1093 436 Petiit
1127 401 1273 436 etiam
1309 404 1336 435 a
1372 388 1510 436 nobis
1544 400 1598 437 ut
1630 388 1691 437 si.-

305 456 351 504 bi
390 454 500 504 fidei
549 453 834 502 Christiana:
888 453 1051 512 capita
1106 453 1256 501 literis
1307 454 1586 502 ederemus,
1638 456 1694 502 In

305 536 414 568 eam
450 535 548 568 rem
573 518 757 566 Paullus
796 519 894 564 dies
930 517 1120 580 aliquot
1157 519 1417 582 diligenter
1451 518 1698 576 incubuit,

305 587 362 637 &
395 587 635 648 Japonice
672 581 822 628 multa
858 583 1172 642 conscripsit.
1211 586 1344 631 luem
1381 598 1621 648 cognatos
1649 599 1700 629 a·

306 665 556 712 uncosque
594 653 742 695 homo
779 645 986 709 impiger
1022 647 1120 693 dies
1157 664 1214 695 ac
1251 661 1419 696 noctes
1465 651 1525 696 ad
1579 648 1704 696 s'alu-

303 727 406 763 tem
443 715 626 761 hortari
664 727 719 758 ac
757 711 933 758 docere
970 726 1071 758 non
1109 712 1297 760 destitit
1320 732 1335 761 .·
1371 714 1600 777 brevique
1649 728 1701 759 u-

306 794 474 829 xorem
511 778 566 827 &
602 775 747 824 filiam
780 807 791 833 ,
832 774 1008 823 multos
1057 789 1289 839 praeterea
1340 779 1584 841 utriusque
1631 793 1703 825 se-

304 860 391 892 xus
429 858 478 889 in
514 841 646 889 ovile
699 840 900 888 Dom1ni
950 840 1217 902 compulit.
1254 843 1363 889 Nec
1417 856 1530 890 sane
1585 843 1606 905 (
1642 853 1697 890 ut

304 906 446 958 initia
483 921 585 953 sese
623 908 741 954 dant
774 907 797 971 )
833 904 1091 953 consilium
1130 922 1296 954 eorum
1332 907 1631 968 improbatur
1654 923 1698 952 =n

303 977 506 1036 vulgus:
547 974 601 1022 &
636 972 748 1034 quia
783 968 999 1033 plerique
1034 972 1196 1035 legere
1232 973 1286 1023 &
1339 971 1546 1020 scribere
1602 969 1698 1029 jam

305 1053 422 1086 ante
459 1036 759 1095 didicerant,
798 1033 1030 1094 perfacile
1081 1035 1349 1082 christianis
1374 1043 1376 1045 ’
1402 1036 1701 1099 precationi-

300 1103 390 1151 bus
425 1115 736 1150 assuescunt.
771 1103 894 1148 Cum
932 1099 1104 1164 linguae
1141 1100 1395 1148 subsidium
1434 1101 1614 1164 nobis(
1648 1112 1703 1149 ut

307 1169 596 1233 speramus)
618 1167 905 1223 accesserit,
944 1176 1045 1211 tum
1068 1181 1138 1212 res
1159 1167 1314 1214 multo
1352 1166 1559 1231 melius(
1588 1172 1696 1213 Deo

309 1234 436 1281 bene
473 1231 667 1288 iuvante
701 1234 725 1296 )
763 1229 1023 1291 procedet.
1053 1232 1183 1278 Nam
1222 1247 1346 1278 nunc
1381 1232 1575 1294 quidem
1629 1231 1700 1277 in-

307 1312 386 1348 ter
420 1313 505 1345 eos
543 1297 695 1345 veluti
734 1296 950 1359 quaedam
986 1295 1239 1344 simulacra
1264 1312 1537 1343 versamur.
1573 1294 1702 1344 Mul-

306 1376 362 1413 ta
394 1362 462 1410 illi
499 1363 558 1409 de
595 1360 732 1410 nobis
767 1359 1034 1423 loquuntur
1056 1379 1069 1420 3
1093 1361 1148 1410 &
1181 1359 1443 1409 conferunt
1477 1360 1600 1408 inter
1634 1374 1708 1407 se:

305 1443 396 1477 nos
433 1425 662 1475 videlicet
697 1423 1073 1473 obmutescimus
1095 1441 1105 1472 z
1130 1427 1337 1490 dumque
1358 1423 1492 1483 hujus
1528 1425 1703 1489 linguae

306 1492 556 1542 elementa
591 1491 913 1554 percipimus,
937 1491 1155 1554 cogimur
1189 1490 1320 1555 quasi
1343 1504 1700 1552 repuerascere.

305 1556 457 1616 Cujus
493 1557 651 1606 aetatis
688 1557 1092 1621 quemadmodum
1131 1571 1289 1603 mores
1324 1555 1599 1613 imitamur,
1635 1554 1700 1601 sic

309 1624 497 1673 utinam
533 1623 794 1670 candorem
814 1637 871 1669 ac
892 1620 1256 1684 simplicitatem
1280 1635 1566 1683 recuperare
1588 1634 1697 1680 pos-

308 1703 662 1751 semus:quam
698 1699 860 1734 tamen
897 1686 955 1732 ad
990 1701 1088 1732 rem
1127 1685 1329 1732 multum
1368 1701 1454 1733 nos
1489 1685 1584 1732 loci
1609 1700 1698 1744 op-

311 1752 590 1816 portunitas
628 1750 881 1807 adiuvabit
917 1786 929 1796 .
963 1750 1159 1798 Etenim
1213 1750 1413 1798 remotis
1470 1750 1597 1796 adeo
1648 1749 1697 1795 in

309 1816 616 1882 regionibus,
653 1815 778 1863 inter
812 1814 982 1877 impios
1018 1816 1291 1862 daemonum
1329 1815 1541 1862 cultores
1576 1813 1704 1861 aba-

311 1883 547 1932 micorum
596 1893 864 1942 conspectu
912 1879 1185 1944 longissime
1237 1879 1425 1941 positi,
1473 1879 1700 1940 omnique

314 1962 452 2012 paene
491 1944 768 1994 mortalium
805 1961 898 2007 ope
935 1960 992 1992 ac
1028 1943 1203 1992 solatio
1250 1942 1508 2003 destituti,
1562 1942 1704 1990 nimi-

310 2028 419 2062 rum
457 2011 711 2060 nostrimet
744 2010 998 2073 paullatim
1034 2009 1395 2058 obliviscimur:
1435 2024 1619 2071 nosque
1656 2007 1703 2054 in

312 2079 477 2127 Deum
512 2089 646 2125 totos
699 2075 971 2125 necessario
1009 2073 1295 2122 effundimus
1327 2107 1338 2118 .
1369 2073 1516 2139 Qod
1552 2088 1702 2132 secus,

313 2142 398 2191 ubi
433 2143 690 2190 christiana
726 2143 860 2205 viget
895 2139 1097 2204 religio,
1137 2140 1243 2187 fieri
1279 2137 1537 2187 consuevit
1571 2156 1586 2187 .·
1622 2154 1703 2199 pa-

284 2219 510 2270 rentum
546 2208 721 2270 quippe
761 2205 834 2253 vel
871 2207 1039 2268 patriae
1077 2205 1281 2262 caritas,
1305 2201 1601 2258 affinitates,
1625 2218 1705 2250 ne-

318 2272 663 2331 cessitudines,
700 2270 1040 2328 amicitiae,ad
1060 2285 1227 2318 ornnes
1263 2266 1475 2329 corporis
1512 2266 1707 2314 anirnae-

321 2353 417 2401 que
453 2352 560 2387 usus
597 2348 763 2398 parata
798 2335 1034 2394 subsidia,
1074 2337 1236 2384 Deum
1273 2334 1400 2382 inter
1449 2333 1504 2383 &
1557 2331 1709 2379 homi-

323 2416 410 2453 nes
446 2400 765 2466 interponunt
799 2398 900 2452 fere
935 2415 1069 2450 sese:
1106 2412 1253 2463 atque
1288 2399 1399 2447 inde
1434 2396 1604 2466 sensim
1638 2396 1709 2456 ip-

1563 2475 1652 2509 Slus
