1803 3076
198 317 935 368 ErisrotARUM.L2·h.1n.
970 319 1055 382 Ep.
1095 319 1279 366 XVm,
1322 320 1416 386 167

96 413 247 462 derit.
272 429 387 476 quas
425 412 756 476 indigenarum
784 427 929 459 nemo
951 420 1123 472 praeter
1142 409 1295 472 ipsum
1351 413 1482 463 Abe-

94 491 171 526 rat
208 478 422 542 Regulus
459 476 618 524 leucas
654 478 682 524 a
719 477 1028 541 Cangoxima
1045 489 1127 522 sex
1151 492 1160 523 :
1186 475 1255 534 is,
1293 479 1400 525 cum
1422 478 1483 526 ad

93 559 200 590 eum
239 543 402 589 Paulus
440 553 652 589 venisset
671 541 936 590 salutatum
967 543 1294 604 ‚magnopere
1315 544 1374 590 de
1396 545 1482 591 ho-

92 606 230 654 minis
268 607 424 654 reditu
462 618 533 655 est
572 606 791 665 laetatus,
831 607 1155 670 magnumque
1207 606 1274 652 illi
1327 609 1484 655 hono-

92 687 190 718 rem
230 671 397 719 habuit
429 689 440 720 :
479 672 629 718 multa
667 671 813 718 etiam
854 674 912 719 de
950 672 1184 730 moribus,
1222 670 1282 719 de
1332 673 1483 721 virtu-

90 747 176 794 te,
215 738 272 783 de
311 736 480 796 opibus
523 738 859 784 Lusitanorum
897 735 1200 784 sciscitatus.
1235 737 1326 784 Cui
1373 740 1482 786 cum

88 799 260 849 Paulus
297 802 465 848 omnia
504 801 838 863 exposuisset,
877 801 1209 863 maximopere
1246 801 1370 851 visus
1408 814 1483 852 est

85 863 317 924 ejusmodi
355 881 573 913 sermone
611 865 875 914 delectari,

158 946 231 995 ²9·
271 935 521 978 Attulerat
557 946 717 979 secum
755 929 924 979 Paulus
958 927 1151 996 egregie
1198 926 1378 992 pictam
1433 932 1482 982 in

90 995 257 1043 tabula
300 997 333 1042 B
391 996 557 1042 Mariae
596 997 651 1046 δε
687 996 820 1057 pueri
856 998 970 1058 Jesu
1010 999 1056 1042 in
1097 997 1265 1044 Matris
1297 999 1484 1063 gremio

88 1060 293 1107 sedentis
331 1059 791 1124 imaginem,quam
830 1077 890 1107 cx
929 1060 1067 1107 India
1109 1072 1482 1112 advexeramuffi

91 1128 234 1173 Hanc
271 1123 416 1187 igitur
452 1139 559 1171 cum
598 1125 815 1188 Regulus
853 1125 913 1171 ab
949 1125 1033 1172 illo
1072 1124 1307 1181 prolatam
1344 1145 1483 1191 aspe-

90 1189 269 1246 xisset,
307 1188 559 1249 obstupuit
594 1189 781 1237 scilicet
816 1207 830 1237 .·
866 1187 1227 1253 confestimque
1281 1194 1336 1244 &
1382 1194 1485 1256 ipse

88 1253 256 1317 positis
291 1252 493 1316 genibus
531 1254 606 1314 pie
642 1255 906 1302 admodum
962 1268 1223 1302 veneratus
1272 1271 1345 1305 est
1377 1289 1389 1317 ,
1427 1260 1484 1311 &

89 1317 345 1378 omnibus,
382 1317 460 1381 qui
497 1319 731 1379 aderant,
772 1319 894 1367 idem
932 1331 987 1367 ut
1034 1317 1255 1368 facerent
1284 1354 1294 1373 ,
1332 1318 1485 1383 impe-

89 1383 217 1431 ravit
239 1419 251 1431 .
273 1384 488 1431 Eandem
526 1383 743 1432 tabulam
784 1385 956 1432 deinde
978 1384 1151 1449 Reguli
1177 1399 1332 1434 mater
1365 1403 1485 1435 con-

90 1447 361 1510 templata,
415 1447 663 1497 mirificam
719 1450 853 1511 cepit
905 1448 1231 1498 admiratione
1289 1451 1486 1501 mistam

90 1513 432 1575 voluptatem:
471 1515 734 1579 paucisque
773 1513 972 1574 diebus,
1011 1515 1185 1578 quibus
1235 1517 1489 1582 Cangcxi-

89 1594 217 1626 mam
254 1578 424 1626 Paulus
462 1592 760 1638 reverterat,
798 1592 984 1629 certum
1023 1582 1268 1629 hominem
1324 1583 1485 1643 misit,

88 1646 203 1691 saue
242 1643 499 1692 honestum
525 1646 634 1707 ,qui
670 1645 783 1692 inde
820 1648 1103 1693 sumendum
1142 1661 1340 1709 quoquo
1378 1664 1484 1696 mo-

88 1708 154 1755 do
190 1721 382 1756 curaret
413 1710 720 1771 exemplum.
761 1712 934 1759 Verum
974 1712 1080 1758 cum
1117 1711 1214 1769 eius
1251 1712 1316 1760 rei
1356 1715 1486 1761 Can-

88 1772 295 1838 goximae
333 1772 542 1821 facultas
578 1776 769 1824 deesset
803 1809 814 1835 ‚
853 1776 1102 1840 negotium
1141 1776 1317 1825 confici
1354 1777 1485 1826 haud

88 1837 286 1900 potuit.
320 1839 502 1886 Eadem
540 1840 709 1888 mulier
746 1857 830 1902 per
877 1843 1097 1889 eumdem
1153 1841 1420 1905 postulavit
1455 1846 1486 1892 ὲ

90 1901 256 1961 nobIs,
297 1903 364 1951 uti
400 1902 487 1951 sibi
521 1905 803 1954 Christianae
838 1905 1086 1971 religionis
1123 1909 1284 1969 capita
1310 1907 1488 1957 litteris

93 1966 383 2031 consignata
420 1970 719 2017 traderemus
744 2010 749 2016 .
776 1974 950 2034 Itaque
989 1972 1162 2020 Paulus
1199 1975 1305 2020 cum
1345 1973 1391 2020 in
1429 1988 1490 2021 ea

92 2047 142 2079 re
179 2032 277 2080 dies
314 2032 505 2097 aliquot
541 2036 984 2096 posuisset‚multa
1023 2038 1083 2083 de
1101 2037 1488 2086 Cliristiancrum

91 2096 327 2158 mysteriis
364 2111 510 2161 atque
548 2099 777 2148 institutis
811 2101 1096 2163 conscripsit
1134 2102 1490 2166 matrialingua.

159 2178 240 2225 40.
275 2161 399 2210 Illud
437 2163 551 2211 mihi
591 2165 800 2222 credite,
840 2167 896 2218 <Sc
931 2166 1068 2214 simul
1109 2170 1224 2216 Deo
1273 2168 1489 2233 gratule-

92 2224 240 2284 mini,
278 2225 561 2276 latissimum
604 2230 739 2278 vobis
776 2247 1000 2290 campum
1039 2232 1251 2294 aperiri,
1288 2231 1368 2278 ubi
1404 2246 1490 2280 ve·-

90 2305 188 2338 stra
225 2290 474 2340 concitata
512 2292 604 2350 iam
644 2295 798 2344 oietas
838 2309 1095 2345 excurrat.
1139 2298 1244 2344 Nos
1279 2294 1488 2360 japoni-

94 2356 151 2402 οὲ
189 2353 226 2401 si
264 2356 509 2417 scIremus,
548 2358 638 2415 jam
677 2360 857 2407 dudum
894 2363 1019 2410 hanc
1059 2362 1338 2409 vastitatem
1390 2376 1489 2413 non

95 2419 199 2468 sine
231 2435 410 2487 magno
447 2423 717 2473 animorum
755 2424 917 2475 fructu
953 2425 1489 2478 coluissemus.l’aulus

753 2491 790 2539 L
823 2511 858 2557 4
1315 2490 1419 2556 qui-
