1803 3076
332 305 528 356 EPIST.
565 304 613 350 s,
644 299 889 351 FRANC.
923 298 1084 351 XAV.
1287 295 1382 372 4'85

63 418 199 452 saevae
235 401 544 456 excitantur,
581 409 634 444 ut
669 397 894 459 praeclare
943 395 1020 463 agi
1057 412 1164 445 cum
1214 399 1269 447 iis
1301 435 1313 462 ‚
1366 398 1451 465 qui

66 468 323 532 navigant,
363 463 696 521 existimetur,
734 464 768 509 si
817 463 963 511 tribus
1015 461 1040 511 ὲ
1092 463 1293 512 navibus
1344 467 1449 514 duae

62 544 248 580 cursum
284 529 547 576 incolumes
586 540 815 576 teneant.
853 528 1100 593 roirca
1148 530 1283 578 venit
1333 531 1448 578 mihi

68 598 191 657 saepe
227 596 271 640 in
311 605 524 642 mentem
564 594 822 649 vereri‚ne
855 625 868 651 ,
906 593 979 656 qui
1020 595 1044 642 ὲ
1085 606 1246 642 nostra
1283 596 1452 643 Socie-

63 673 168 709 tate
205 659 424 707 doctrina
462 669 573 705 sunt
622 658 1017 719 praestantiores,
1065 658 1105 705 si
1152 659 1226 706 cui
1280 676 1450 708 eorum

66 726 115 772 in
152 726 250 771 haec
286 723 396 770 loca
433 722 559 770 mitti
594 724 880 787 contigerit,
907 722 1214 770 temerarium
1234 740 1332 773 esse
1366 735 1476 773 ne-s'

65 790 284 855 gotium,
324 792 584 850 Deumque
619 788 798 835 tentari
835 787 1197 850 quodammodo
1228 822 1237 837 .
1269 802 1368 838 tam
1399 806 1452 837 a·

72 867 218 918 perts
255 853 485 901 adeundis
522 851 765 913 periculis,
808 865 1006 914 putent:
1039 869 1129 916 qua
1166 865 1330 914 tamen
1367 868 1452 903 eos

70 919 345 980 suspicione
383 918 691 979 postmodum
727 917 910 975 libero,
947 920 1074 980 quod
1111 935 1250 979 spero
1288 921 1454 968 Socie-

72 985 187 1032 tatis
217 997 392 1030 nostrae
422 980 568 1029 literis
604 980 958 1029 inhabitantem
999 985 1201 1032 Domini
1236 985 1458 1047 spixitum

72 1048 320 1111 praesidere
345 1082 355 1092 .
378 1045 498 1093 Illud
537 1046 726 1108 quidem
766 1049 978 1094 occurrit
1014 1050 1127 1095 mihi
1155 1064 1452 1110 saepenume-

74 1130 128 1162 ro
165 1145 175 1170 ,
213 1112 342 1175 quod
395 1109 654 1173 aliquando
701 1113 889 1159 Patrem
941 1126 1154 1159 nostrum
1209 1115 1454 1179 ignatium

68 1176 230 1226 audivi
265 1176 539 1223 dicentem:
578 1176 798 1222 omnibus
834 1175 919 1232 iis,
973 1176 1050 1239 qui
1099 1179 1146 1224 in
1203 1180 1455 1240 Societate

67 1255 233 1290 nostra
270 1253 550 1298 versantur,
586 1255 774 1287 summo
809 1241 969 1289 studio
1017 1249 1299 1305 conatuque
1353 1243 1455 1292 ela-

67 1308 337 1356 borandum
374 1320 510 1363 esse,
548 1318 600 1352 ut
635 1307 802 1352 inanes
838 1305 898 1352 ab
931 1321 980 1353 se
1016 1306 1242 1364 timore5‚
1281 1309 1338 1360 ὅτ
1374 1323 1454 1356 ce-

71 1385 177 1421 tera
212 1383 388 1420 cuncta
426 1368 696 1428 depellant,
735 1386 836 1433 quae
889 1370 1069 1419 homini
1104 1404 1114 1425 2
1152 1388 1248 1434 quo
1299 1369 1457 1420 misius

71 1450 230 1485 totam
270 1436 316 1482 in
353 1450 449 1482 uno
486 1435 596 1482 Deo
634 1450 765 1496 spem
802 1434 1018 1484 collocet
1051 1470 1063 1497 ,
1100 1437 1453 1494 impedimento

73 1518 175 1550 esse
212 1515 506 1550 consuevere
529 1534 540 1545 .
576 1502 754 1555 Porro,
795 1504 1204 1567 quemadmodum
1252 1503 1456 1551 interest

74 1583 190 1626 eos,
227 1581 427 1630 quorum
464 1564 530 1610 ita
566 1579 669 1626 spes
706 1577 778 1611 est
814 1565 859 1610 in
899 1568 1012 1614 Deo
1047 1567 1363 1625 reposita,u't
1380 1584 1456 1615 re-

76 1632 161 1679 bus
198 1644 363 1678 tamen
401 1627 609 1676 affluant
647 1628 950 1689 necessariis,
988 1641 1039 1678 et
1075 1644 1157 1678 eos
1193 1631 1270 1694 qui
1310 1633 1372 1679 ob
1410 1633 1461 1681 id

75 1697 227 1757 ipeum
265 1707 319 1743 ut
355 1692 597 1751 Christum
635 1694 968 1754 imitarentur,
992 1697 1044 1746 ἃ
1082 1695 1168 1743 soli
1210 1699 1323 1744 Deo
1344 1713 1465 1745 con-

76 1763 314 1820 fiderent,
352 1757 571 1807 omnibus
610 1773 710 1806 sese
761 1759 871 1806 vitae
919 1760 1140 1820 praesidiis
1190 1774 1460 1822 exuerunt;

75 1828 142 1874 sic
178 1823 492 1885 proculdubio
529 1823 731 1870 multum
768 1822 945 1883 refert,
982 1838 1140 1872 utrum
1181 1827 1313 1889 quis,
1348 1843 1461 1875 cum

80 1891 275 1938 unicum
312 1889 487 1937 habere
523 1903 569 1935 se
607 1888 894 1948 prefiteatur
929 1890 975 1936 in
1001 1892 1091 1937 Dei
1117 1893 1337 1940 bonitate
1357 1908 1465 1954 per-

80 1955 291 2020 fugium,
329 1968 429 2002 tum
467 1953 514 1998 in
550 1965 659 1999 tuto
697 1955 751 2003 ὅτ
787 1953 920 2016 quasi
956 1956 1002 2001 in
1041 1957 1206 2002 umbra
1242 1972 1290 2003 se
1327 1972 1465 2004 exer·

83 2034 226 2069 ceat:
265 2019 470 2078 an‚alia
506 2032 556 2063 re
592 2016 674 2063 sibi
713 2018 843 2065 nulla
881 2017 966 2064 nisi
1009 2020 1101 2067 Dei
1139 2022 1324 2068 honore
1359 2020 1466 2086 glo-

79 2085 247 2149 riaque
283 2083 555 2147 proposita,
595 2097 694 2130 sese
729 2095 970 2146 caputque
1007 2100 1136 2132 suum
1178 2084 1344 2133 volens
1393 2084 1465 2131 vi-

81 2151 295 2212 densque
332 2150 376 2196 in
417 2146 670 2195 discrimen
707 2146 882 2195 offerat
917 2165 1048 2208 paene
1087 2148 1342 2212 quotidie:
1381 2164 1464 2197 cu-

82 2212 287 2273 jusmodi
322 2213 465 2276 siquis
501 2212 749 2261 extiterit.
773 2225 842 2260 nae
883 2211 1013 2260 illum
1053 2230 1146 2277 ego
1183 2214 1466 2277 propediem

84 2278 242 2326 saeculi
275 2281 420 2326 taedio
458 2276 788 2341 migrandique
825 2273 884 2324 ad
925 2278 1189 2326 Dominum
1227 2279 1465 2328 desiderio

89 2343 320 2392 affectum
357 2343 409 2391 iri
447 2342 764 2407 crediderim:
805 2342 1193 2406 quandoquidem
1229 2345 1329 2392 haec
1381 2345 1469 2392 iio-'-

89 2411 268 2458 minum
305 2425 407 2473 quae
444 2407 782 2520 dicitur'vitafi
820 2422 945 2457 mors
989 2421 1224 2474 perpetua
1273 2405 1473 2474 potius',

669 2474 716 2520 H
816 2487 840 2540 3
1343 2489 1403 2523 ac
