1803 3076
176 268 687 327 EPISTOLARUM.
719 267 823 316 Lib.
843 267 923 317 IV.
962 268 1045 330 Ep.
1082 269 1267 319 XXIV.
1333 283 1423 337 393

99 368 304 432 primum
341 365 493 416 verbis
527 363 1208 426 expedias,suadeo.Acrior
1247 365 1344 413 istis
1367 362 1489 413 mul-

98 438 156 481 to
194 433 429 489 fortunae,
467 437 609 493 quam
648 430 964 478 conscientiae
1017 429 1270 478 vulnerum
1322 441 1490 479 sensus

97 511 200 557 est,
238 498 302 544 nil
339 498 421 544 nisi
457 509 648 543 terrena
683 493 1022 554 sapiunt‚toti
1060 508 1172 542 sunt
1210 496 1256 541 in
1290 510 1373 556 spe
1408 494 1491 544 sti·

97 563 168 626 pis
203 561 567 620 eblandiendae‚
606 560 834 624 quidquid
874 560 962 606 illis
998 561 1056 607 ad
1092 560 1241 607 animi
1292 558 1486 620 profec-

98 638 200 675 tum
239 625 541 686 disserueris,
580 625 726 672 surdis
763 624 1026 672 cecineris.
1063 627 1132 673 Te
1168 625 1353 686 ipsum,
1393 623 1486 674 nisi

95 695 310 749 excutis,
351 689 603 752 implicent
639 690 695 741 &
731 703 945 738 avocent
979 692 1007 739 ἐι
1044 690 1336 751 potioribus.

160 773 205 823 7.
246 755 387 804 Multi
427 760 589 804 Patres
626 753 834 802 familias
870 756 1083 803 Lusitani
1120 754 1370 818 postulant
1401 754 1489 801 da-

93 821 133 871 ri
169 822 255 869 Sibi
292 837 433 886 agros
471 818 682 884 Collegii
721 820 766 866 in
805 817 1030 868 feudum.
1068 827 1142 869 An
1197 822 1290 869 hoc
1343 818 1403 867 sit
1457 823 1486 870 ὲ

93 903 147 935 re
182 885 396 951 Collegii
432 885 632 944 dubit03
669 885 724 935 &
762 901 934 933 vereor
965 919 976 945 ,
1029 885 1065 933 si
1112 888 1213 934 haec
1261 884 1486 945 exempla

93 951 502 1014 frequententur,
544 964 602 995 ne
638 966 784 1013 grave
820 950 1084 1014 aliquando
1122 952 1232 998 huic
1290 949 1486 998 farnihae

94 1018 440 1064 detrimentum
478 1012 720 1061 afferant.
759 1016 829 1062 Tu
879 1016 1048 1063 sedulo
1101 1031 1201 1063 rem
1257 1016 1482 1062 discute:

93 1083 148 1132 &
184 1096 292 1128 cum
329 1083 652 1127 procuratore
690 1080 746 1130 &
781 1080 945 1126 amicis
983 1081 1150 1126 domus
1185 1094 1377 1128 maturo
1397 1082 1482 1126 ha-

92 1146 199 1194 bito
237 1143 475 1203 consilio,
513 1155 674 1191 statue
712 1145 825 1206 quid
863 1144 990 1192 circa
1027 1145 1119 1192 hoc
1170 1143 1302 1193 factu
1356 1144 1486 1205 opti-

91 1226 224 1258 mum
264 1212 356 1256 sit.
398 1210 566 1256 Debet
603 1206 765 1270 aliqua
803 1210 896 1256 hoc
933 1209 1212 1274 Collegium
1246 1243 1257 1269 ,
1305 1210 1485 1258 deben-

87 1287 168 1324 tur
205 1276 260 1325 &
299 1273 368 1320 illi
406 1273 590 1320 multa.
628 1273 756 1337 Ergo
794 1287 847 1321 ut
883 1274 1059 1322 callere
1095 1274 1155 1321 ad
1185 1291 1394 1338 unguem
1428 1287 1478 1321 te

88 1339 208 1388 volo
244 1354 446 1398 quorum
485 1339 539 1389 ὃς
576 1352 761 1400 quanto
799 1339 846 1385 in
883 1354 974 1387 aere
1008 1339 1102 1386 sis:
1142 1339 1207 1387 sic
1243 1342 1297 1391 &
1343 1340 1481 1386 sedu-

87 1404 141 1453 Ιὸ
178 1404 463 1467 exquirere,
503 1398 736 1465 quantum
789 1405 845 1454 δε
896 1419 1041 1465 penes
1093 1420 1214 1467 quos
1267 1404 1481 1452 resideat

90 1485 152 1516 aes
187 1482 356 1517 tuum:
380 1469 626 1530 utriusque
661 1469 850 1531 generis
871 1468 1060 1515 tabulas
1083 1469 1344 1534 diligenter
1363 1484 1485 1516 con-

87 1534 546 1600 fice.Qamquam
586 1535 742 1593 patiar
779 1533 1000 1596 equidem
1039 1546 1087 1582 te
1123 1537 1280 1582 minus
1317 1531 1483 1582 solici-

90 1611 192 1646 tum
231 1600 280 1645 in
317 1599 653 1656 computando
691 1597 806 1660 quid
860 1599 920 1644 ab
971 1597 1073 1645 aliis
1131 1599 1357 1663 exigendi
1410 1596 1484 1655 ius

87 1663 461 1726 habeas‚qua1n
501 1661 545 1708 in
584 1665 982 1726 recognoscendo
1007 1665 1090 1722 ,δε
1125 1664 1484 1726 quamprimum

91 1728 329 1776 exolvere
366 1728 621 1780 conando,
653 1728 781 1790 quod
817 1725 918 1786 jure
955 1744 1040 1776 suo
1077 1729 1154 1775 alii
1192 1732 1220 1778 ὲ.
1257 1741 1307 1776 te
1343 1743 1482 1789 repe-

85 1805 229 1842 tunt..
252 1794 455 1857 Saragas
493 1793 537 1839 in
577 1794 698 1850 hoc,
723 1793 778 1843 ὅτ
814 1793 1138 1841 contentione
1160 1794 1341 1843 summit
1377 1809 1482 1842 cer-

90 1869 162 1906 tes
198 1874 410 1905 censeo.
451 1859 600 1922 quue
637 1858 788 1918 ipsum
840 1857 1140 1917 potissimum
1193 1859 1373 1924 alleges
1430 1857 1486 1906 iis

90 1923 169 1986 qui
208 1923 377 1970 donari
415 1921 500 1968 sibi
543 1936 774 1983 poscunt:
815 1924 992 1971 debere
1030 1937 1118 1984 te,
1160 1926 1216 1976 ὅτ
1269 1936 1482 1987 quanto·

89 2002 205 2049 cyus
243 1987 529 2049 dispungere
567 1986 765 2033 nomina
803 1989 995 2035 studere
1027 2007 1046 2048 ,·
1085 2006 1230 2053 quare
1284 1992 1330 2035 in
1385 1988 1482 2035 hoc

88 2050 315 2100 conferre
352 2051 580 2114 quidquid
616 2051 975 2099 inevitabilibus
1011 2056 1229 2115 expensis
1268 2065 1366 2101 tarn
1391 2068 1472 2099 nu-

86 2131 287 2165 merosae
326 2115 517 2163 familiae
555 2128 799 2175 superest,
839 2132 928 2164 nec
967 2119 1227 2182 quidquam
1266 2134 1366 2165 esse
1404 2117 1477 2164 In-

84 2180 145 2227 de
182 2181 310 2244 quod
348 2183 497 2243 possis
534 2181 767 2228 arbitratu
806 2194 891 2229 tuo
928 2183 1168 2243 tribuere,
1193 2183 1359 2246 quibus
1395 2181 1478 2230 be-

85 2248 145 2293 ne
184 2246 251 2291 vis
289 2247 342 2297 <Sc
378 2261 581 2309 quorum
620 2245 793 2308 inopiae
830 2247 1100 2296 condoles:
1148 2265 1255 2296 cuin
1306 2246 1511 2295 omnia„

86 2310 483 2369 exhauriant‚ac
520 2326 608 2358 nec
643 2311 710 2357 sic
745 2310 936 2373 quidem
973 2313 1086 2361 satin
1124 2310 1473 2362 habeantmli-

83 2387 283 2436 menta,
323 2376 553 2437 vestitu3‚
589 2375 806 2425 remedia
863 2377 1119 2426 Sociorum
1172 2376 1470 2427 domeetico·

1309 2459 1414 2495 rum
