1803 3076
342 306 403 342 22
593 292 642 341 S.
675 290 1039 343 FRANCISCI
1072 291 1363 344 XAVERII

289 386 616 438 Christianam
638 389 804 437 mirum
838 388 885 435 in
909 390 1105 437 modum
1141 387 1310 448 juvare
1330 422 1341 448 ,
1364 386 1538 452 magna
1564 403 1669 437 om·

287 457 418 502 nium
457 456 741 505 voluntate.
768 453 1003 503 Nimirum
1040 455 1241 521 egregiis
1270 451 1356 517 ⁴hic
1395 454 1663 502 Societatis

285 519 397 569 viris
432 535 549 581 opus
586 532 689 579 est,
712 520 916 569 maxime
954 524 1072 568 vero
1108 520 1157 567 in
1193 520 1309 568 urbe
1334 520 1668 573 Armuziassc

286 583 467 646 oppido
492 583 593 631 Dio
621 600 748 647 ,quae
767 585 877 632 loca
897 585 1019 633 haud
1038 585 1186 648 paulo
1206 588 1357 649 magis
1395 601 1535 648 quam
1554 587 1668 633 Goa

287 649 737 698 Concionatoribus
774 663 925 713 egent
959 649 1045 711 piis
1081 668 1093 710 ;
1131 650 1199 697 ita
1248 650 1430 697 multos
1481 651 1670 698 Lusita-

287 730 375 763 nos
411 715 591 762 habent
626 717 655 762 a
691 714 970 766 Christiana
1008 714 1263 776 disciplina
1299 715 1491 778 ritu-que
1525 715 1670 779 dege-

291 791 518 827 nerantes
543 814 553 825 .
590 783 762 843 ltaque
798 791 853 827 ut
901 777 1181 826 necessitati
1229 779 1436 828 serviam
1474 812 1486 838 ‚
1523 778 1677 827 statui

291 844 563 894 Antonium
598 846 822 902 Gomen,
860 844 1016 891 virum
1054 842 1413 903 concionandi,
1452 844 1680 891 aliorum·

292 926 386 971 que
425 908 689 956 Societatis
728 923 988 957 munerum
1039 906 1293 968 facultate,
1325 922 1677 971 praestantem,

292 975 489 1022 mittere
529 972 834 1022 Armuziam.
877 977 951 1022 M.
1003 975 1190 1037 Gaspar
1240 974 1291 1021 in
1347 973 1580 1040 Collegio
1633 978 1681 1022 S.

296 1038 429 1087 Fidei
465 1038 714 1086 manebit.

363 1120 407 1153 2.
444 1105 531 1151 Nae
568 1116 618 1152 tu
656 1106 925 1170 magnama
948 1107 1063 1153 Deo
1083 1102 1245 1151 inieri5
1261 1103 1467 1168 gratiam
1490 1103 1553 1165 ,si
1575 1121 1683 1154 cum

294 1169 508 1234 plurimis
543 1172 568 1219 ὲ
605 1170 857 1219 Societate
893 1170 941 1216 in
982 1171 1167 1218 Indiam
1188 1169 1461 1228 traieceris,
1499 1173 1686 1219 tecum-

299 1251 395 1299 que
430 1238 618 1294 septem
656 1239 873 1299 octoque
896 1235 1554 1299 Concionatores,aliosque
1576 1252 1676 1283 ma-

240 1354 241 1360 ,
297 1300 380 1366 gni
415 1299 522 1347 usfis
560 1316 618 1347 ac
653 1300 1003 1348 moderationis
1042 1300 1168 1348 viros
1205 1301 1487 1348 adduxeris.
1513 1303 1686 1365 Neque

299 1365 433 1414 enirn
472 1365 632 1413 multis
669 1381 788 1426 opus
826 1377 900 1413 est
928 1365 1110 1414 ‘litteris
1127 1365 1534 1416 adEthnicorum
1568 1382 1687 1414 con-

300 1429 602 1488 versionem,
642 1430 773 1493 quod
809 1431 979 1478 horum
1031 1431 1257 1481 locorum
1310 1446 1428 1496 gens
1483 1431 1685 1480 barbara

300 1494 563 1544 admodum
602 1493 661 1543 sit
697 1497 753 1546 ὅ(
789 1493 1118 1557 imperita3ut
1153 1495 1375 1545 homines
1414 1496 1563 1545 etiam
1586 1513 1687 1545 non

302 1559 565 1608 multarum
601 1559 909 1620 litterarum,
947 1562 1097 1609 modo
1133 1577 1417 1628 magnarum
1454 1562 1690 1611 virtutum

306 1641 364 1672 ac
400 1625 621 1684 virium,
660 1626 901 1691 egregiam
954 1628 1032 1674 hic
1087 1628 1202 1677 Deo
1253 1643 1452 1689 operam
1508 1643 1690 1677 navare

306 1703 521 1754 queant.
558 1693 612 1738 In
648 1689 841 1754 singulis
880 1691 1029 1740 Indiae
1080 1692 1269 1755 oppidis
1307 1726 1317 1748 ,
1355 1693 1433 1742 ubi
1474 1693 1692 1742 Concio-

309 1768 456 1804 nator
490 1769 616 1805 esset
650 1759 675 1804 ὲ
713 1757 970 1805 Societate
1007 1772 1114 1805 cum
1151 1758 1250 1806 alio
1287 1758 1587 1818 Sacerdote,
1610 1758 1692 1822 qui

309 1838 418 1869 eum
455 1821 501 1869 in
536 1819 924 1871 confessionibus
961 1823 1234 1881 audiendis,
1274 1823 1566 1887 reliquisque
1603 1827 1692 1873 So-

309 1887 498 1934 cietatis
534 1884 704 1934 officiis
741 1888 977 1936 obeundis
1023 1885 1278 1946 adjuvaret
1308 1922 1320 1950 ,
1356 1889 1490 1936 sedes
1541 1888 1697 1938 locari

310 1964 472 2014 posset
508 1953 761 2002 Sociorum
793 1987 803 2012 ,
841 1954 900 2001 ad
950 1954 1291 2002 Lusitanorum
1336 1954 1694 2018 indigenarUm·

310 2031 404 2080 que
438 2017 615 2064 liberos
656 2020 959 2067 excolendos
981 2054 994 2066 .

379 2097 420 2147 3.
460 2081 635 2145 Scripsi
673 2085 734 2131 ad
772 2086 817 2132 P.
856 2086 920 2132 N.
944 2081 1575 2145 IgnatIum,uttibifacIat
1609 2100 1694 2132 ve·

310 2146 472 2194 niendi
522 2159 822 2210 potestatem
860 2183 870 2207 ,
906 2150 1119 2213 itemque
1170 2153 1230 2198 ad
1283 2153 1468 2214 Regem
1503 2183 1514 2208 ,
1552 2162 1608 2197 ut
1644 2162 1694 2198 te

310 2211 474 2261 multis
509 2214 799 2262 comitatum
838 2215 1018 2275 Sociis,
1059 2219 1329 2280 magnaque
1365 2231 1474 2262 cum
1522 2226 1696 2263 aucto-

311 2277 456 2326 ritate
493 2278 541 2324 in
579 2279 765 2327 Indiam
804 2280 995 2329 mittat.
1032 2282 1179 2349 Qod
1217 2284 1252 2328 si
1288 2280 1578 2344 continget,
1603 2279 1693 2327 mi-

311 2341 357 2388 hi
393 2343 565 2403 crede,
605 2344 749 2410 longe¹
786 2344 953 2403 majori
988 2378 999 2402 ,
1038 2349 1181 2407 quam
1239 2359 1291 2395 tu
1341 2359 1484 2407 putas
1521 2378 1534 2406 ,
1583 2356 1693 2393 tuus

310 2407 548 2457 adventus
586 2409 870 2461 Christianae
906 2410 974 2460 rei
1011 2412 1105 2461 erit
1141 2412 1510 2461 emolumento·
1556 2408 1694 2458 Alte-

1523 2491 1627 2524 rum
