1803 3076
204 305 710 360 EPIsroLARUM.
739 306 843 356 Lib.
877 310 956 357 W.
993 310 1081 375 Ep.
1115 314 1210 361 IX.
1303 327 1395 380 30!

55 405 344 455 {etudinaria
379 406 433 455 &
473 403 762 452 vinctorum·
785 402 1034 452 custodias
1070 403 1248 453 crebro
1286 408 1456 457 visita.

51 472 164 521 bis:
201 475 299 519 haec
335 485 461 517 enm
499 469 789 518 Christianae
828 469 1112 518 humilitatis
1133 468 1321 529 officia,
1345 489 1461 534 prae.

57 549 277 599 terquam
315 536 445 599 quod
487 537 599 582 Deo
637 546 778 599 grata
814 547 925 582 sunt
963 535 1020 585 &
1066 537 1338 584 hominious
1387 555 1460 586 sa.

56 601 262 660 lutaria‚
302 615 400 648 non
438 599 686 664 vulgarem
723 603 871 648 etiarn
908 600 1034 662 apud
1070 601 1304 672 populum
1355 606 1459 651 exi-

59 668 392 715 stimationem
429 679 575 729 atque
626 667 974 713 auctoritatem
1028 666 1221 727 pariunt
1255 697 1266 725 ,
1306 668 1456 719 etiam

58 731 143 790 iis,
185 732 263 795 qui
301 747 457 794 neque
493 746 674 777 munus
710 730 921 791 habent,
959 745 1116 795 neque
1165 729 1456 783 facultatem

53 811 179 846 con:
185 798 420 844 ionandi.

129 876 170 927 3
206 861 465 920 Praefecti,
506 860 717 920 vicarii,
777 861 1137 922 sacerdotum,
1199 861 1456 912 Sodalium

59 925 442 998 Misericordiae,
478 930 718 989 regiorum
771 927 1148 989 Magistratuum
1182 958 1193 985 9
1231 928 1454 979 civitatis

59 994 291 1040 universae
326 1005 541 1039 amorem
579 993 635 1041 ὃ(
672 991 952 1039 conciliabis
989 991 1078 1039 tibi
1117 1025 1127 1050 ,
1165 993 1221 1042 δε
1279 994 1458 1043 tuebe.

58 1057 121 1106 ris
159 1057 453 1122 diligenter:
492 1071 736 1120 permagni
776 1056 952 1119 quippe
989 1056 1035 1103 id
1070 1055 1222 1105 refert
1258 1059 1319 1106 ad
1367 1060 1453 1107 fle-

62 1123 296 1180 ctandas‚
333 1135 641 1184 quocumque
680 1136 799 1181 opus
835 1122 928 1179 sit,
979 1122 1226 1169 hominum
1280 1123 1456 1172 volun.

55 1198 217 1245 τῆτες,
256 1199 358 1234 turn
399 1186 788 1243 concionandO,
826 1197 930 1233 tum
985 1184 1321 1236 confessiones
1371 1205 1457 1237 au·

59 1253 277 1311 diendo,
316 1264 419 1300 tum
473 1244 841 1315 congrediendo
879 1283 890 1293 .
942 1250 1016 1298 Ad
1069 1266 1252 1298 novum
1307 1253 1454 1303 istum

61 1317 455 1366 Christianorum
494 1290 669 1363 foetum
722 1315 984 1363 fovendum
1037 1315 1095 1366 δε
1144 1318 1451 1387 augendum,

59 1384 174 1431 sane
213 1381 357 1430 velim
395 1393 619 1428 auctores
658 1378 994 1444 aijutoresque
1049 1379 1281 1429 adhibeas
1335 1384 1457 1431 Prae-

57 1447 275 1506 sectum,
319 1447 591 1504 Vieariurn‚
612 1446 668 1496 <Sc
706 1445 907 1492 Sodales
944 1446 1317 1495 misericordiae.
1341 1450 1455 1495 Pro-

58 1513 173 1564 inde
208 1512 252 1559 id
287 1527 430 1576 ages,
468 1523 522 1557 ut
576 1524 971 1581 quantacumque
1007 1510 1223 1560 accessio
1277 1512 1450 1561 divino

63 1576 214 1625 cultui
254 1592 338 1638 per
374 1589 425 1624 te
459 1574 596 1623 facta
632 1577 748 1634 erit,
787 1575 876 1622 illis
913 1588 1119 1638 accepta
1172 1574 1449 1626 referatur.

59 1643 140 1691 Sic
175 1643 304 1689 enim
340 1640 398 1688 fle
406 1653 454 1694 t
490 1652 544 1688 ut
580 1653 690 1689 tuos
728 1652 935 1688 conatus
985 1656 1138 1706 magis
1187 1639 1452 1703 adiuvent,

64 1707 333 1770 impediant
368 1721 517 1753 minus
542 1740 555 1751 .

128 1790 176 1837 4.
214 1777 374 1834 Atque
412 1786 561 1820 etiam
598 1771 941 1833 consequeris,
976 1782 1030 1820 ut
1083 1770 1131 1820 in
1185 1772 1279 1821 tuis
1332 1770 1454 1822 diffi-

63 1837 327 1888 cultatibus
364 1853 420 1884 ac
456 1837 844 1885 dimicationibus
882 1837 1064 1885 amicos
1117 1854 1174 1887 ac
1221 1851 1457 1900 patronos

61 1905 237 1953 habeas
290 1901 482 1963 plures,
531 1903 832 1950 adversarios
883 1903 1132 1964 pauciores
1173 1937 1184 1963 ‚
1229 1916 1314 1951 aut
1367 1920 1455 1966 po-

64 1969 160 2018 tius
198 1964 345 2016 nemi
339 1984 474 2016 rem.
511 1969 632 2038 Qis
671 1983 800 2015 enim
838 1984 1121 2033 oppugnare
1157 1982 1208 2016 te
1247 1969 1454 2028 audeat,

67 2048 210 2098 quem
266 2045 462 2081 constet
511 2033 683 2081 talium
736 2033 946 2080 virorum
994 2033 1210 2095 praesidio
1264 2045 1456 2082 tectum

68 2101 205 2147 esse?
223 2100 413 2169 ltaque
447 2097 484 2144 si
521 2097 716 2161 quando
753 2097 811 2144 de
849 2098 1132 2147 Christianae
1170 2098 1293 2147 Fidei
1347 2114 1457 2160 pro-

68 2161 331 2226 pagatione
387 2163 573 2211 litteras
624 2163 686 2210 ad
734 2162 988 2211 Lusitaniae
1021 2166 1222 2235 Regem
1288 2163 1452 2222 dabis,

70 2227 389 2276 honorificam
426 2229 481 2279 &
516 2239 707 2292 gratam
754 2230 813 2275 de
869 2230 1063 2294 egregia
1117 2244 1284 2276 eorum
1336 2243 1454 2290 erga.

68 2308 169 2341 rem
204 2292 525 2340 Christianam
564 2292 820 2341 voluntate
856 2291 1005 2341 facies
1025 2306 1360 2342 mentionem
1379 2304 1454 2339 at-

67 2373 161 2420 que
199 2356 339 2418 ipsis,
377 2359 412 2403 si
449 2358 719 2408 videbitur
739 2374 817 2406 eas
857 2359 1042 2406 litteras
1079 2360 1332 2416 ostendes,
1352 2372 1456 2405 om·

67 2423 280 2488 uinoque
315 2434 451 2487 petes
485 2423 547 2473 ab
598 2425 786 2489 Rege,
824 2437 878 2472 ut
926 2422 1121 2474 illorum
1172 2438 1453 2536 ergaanS,

1256 2487 1394 2537 Ciri-
