1803 3076
399 309 492 363 128
642 308 692 357 S.
724 304 1093 358 FRANCISCI
1127 303 1417 354 XAVERII

331 406 480 469 porro
514 400 561 448 in
597 403 948 450 consuetudine
986 400 1208 468 familiari
1246 397 1531 448 mirabiliter
1565 400 1716 448 comis

327 481 477 531 atque
511 465 972 525 affabilis,cunctos
1008 468 1180 515 obvios
1218 480 1419 514 occursu
1457 464 1610 526 primo
1649 462 1719 511 al·-

329 533 464 591 licit‚
502 531 685 594 populo
722 531 947 580 universo
1001 530 1195 578 summis
1244 534 1378 595 aeque
1431 545 1489 576 ac
1542 527 1716 580 infimis

329 596 640 662 singulariter
689 606 900 658 gratu3‚
954 594 1190 645 Praefecto
1241 594 1378 652 juxta
1429 592 1716 656 civibuque

327 660 561 711 universis
597 660 644 706 in
695 660 879 706 deliciis
928 671 1030 717 est,
1078 675 1134 707 ac
1182 675 1381 721 propter
1433 656 1717 707 insatiabile

322 727 535 776 Studium
570 723 900 771 lucrandarum
939 724 1133 771 Christo
1166 722 1572 782 animarum,viri
1607 737 1716 783 pas-

331 792 420 840 sim
460 787 762 851 Apostolici,
800 801 856 834 ac
894 789 1008 835 Deo
1046 788 1093 833 in
1131 789 1288 849 primis
1324 788 1455 835 chari
1488 820 1500 845 ‚
1549 787 1716 835 existi«,

331 869 553 906 matione
603 853 1008 899 commendatur.
1059 853 1236 900 Fateor
1287 851 1472 908 vobiS‚
1527 853 1715 899 Fratres

330 921 464 979 mei;
499 916 670 979 puduit
707 931 780 963 me
817 916 911 963 inei
948 931 1054 964 cum
1092 917 1191 964 haec
1213 915 1344 964 vidi:
1372 917 1426 967 δι
1463 913 1722 970 subiicien-

328 995 431 1033 tem
467 980 620 1030 oculis
657 994 888 1045 quantum
926 981 1198 1043 opimorum
1234 981 1497 1042 spoliorum
1546 979 1719 1030 Eccle-

328 1049 408 1098 siae
448 1047 697 1095 Thesaurus
734 1048 881 1094 homo
917 1062 1036 1093 unus
1069 1046 1337 1094 imbecillus
1374 1046 1428 1097 &
1478 1047 1716 1094 continue

328 1110 730 1176 semilanguidus‚
768 1113 879 1159 Deo
916 1108 1146 1169 iuvante,
1185 1112 1511 1161 indesinenter
1546 1108 1717 1163 adiun-

329 1190 605 1245 gat,sensu
643 1176 853 1241 quodam
891 1176 1192 1224 verecundae
1229 1191 1304 1224 me
1342 1175 1509 1223 intime
1545 1172 1717 1223 confu-

330 1245 403 1292 dit
438 1240 640 1303 propriae
675 1240 880 1304 ignaviae
917 1241 1218 1288 conscientia
1241 1276 1252 1288 .
1289 1243 1366 1288 Sic
1403 1241 1529 1286 enim
1570 1240 1718 1287 habe-

328 1319 474 1357 tote:
511 1315 695 1353 tantam
734 1305 914 1352 assidue
951 1304 1046 1352 vim
1085 1305 1328 1353 hominum
1369 1305 1604 1353 Francisci
1634 1307 1718 1351 Pe-

330 1370 451 1422 rezii
490 1368 687 1431 privatis
724 1381 810 1416 aut
854 1366 1078 1432 publicis
1110 1370 1405 1419 sermonibus
1451 1370 1512 1416 ad
1566 1369 1719 1417 vitam

332 1435 463 1485 serio
499 1435 850 1482 emendandam
887 1433 1121 1493 excitari,
1159 1448 1340 1497 quanta
1378 1434 1596 1481 detinere
1646 1449 1720 1481 sa·

327 1501 391 1550 tis
427 1509 695 1560 occupatos
747 1510 910 1560 posset
959 1515 1038 1546 sex
1091 1499 1215 1562 ipsos
1268 1500 1388 1548 bene
1425 1499 1721 1548 exercitatos

332 1563 715 1614 confessionibus
752 1563 998 1611 audiendis
1037 1566 1355 1623 SacerdoteS,
1394 1564 1503 1613 tota
1539 1562 1613 1612 die
1647 1563 1720 1609 ni·-

331 1629 400 1681 hil
435 1629 563 1676 aliud
599 1639 825 1692 agentes.
862 1631 924 1677 Et
958 1640 1121 1677 tamen
1159 1629 1284 1676 idem
1323 1628 1392 1676 vir
1428 1643 1568 1690 super
1615 1628 1718 1675 haec

336 1696 500 1743 omnia
535 1692 582 1738 in
620 1693 863 1741 Sodalitio
900 1693 1240 1742 Misericordiae
1278 1707 1438 1756 partes
1473 1692 1720 1741 cumulate

330 1758 506 1808 imolet
542 1773 707 1805 omnes
742 1757 997 1819 Capeliani
1037 1760 1062 1817 (
1095 1771 1150 1808 ut
1186 1764 1406 1823 vocant)
1429 1756 1720 1806 domestici:

331 1826 459 1887 quod
496 1822 692 1870 suissum
729 1837 787 1869 ac
822 1822 1074 1885 multiplex
1111 1823 1237 1872 scitis
1258 1839 1358 1871 esse
1387 1821 1723 1870 ministerium.

332 1889 466 1953 Qid
502 1885 581 1936 bic
618 1888 802 1945 dicam,
842 1888 926 1934 nisi
978 1888 1220 1937 confitear
1276 1889 1483 1946 iterum,
1536 1887 1718 1947 pudore

329 1968 432 2002 non
469 1952 616 1999 dubio
651 1950 853 1999 suffundi
889 1967 964 2000 me
1001 1968 1261 2011 oportere,
1300 1953 1491 2015 meique
1528 1950 1719 2009 similes,

332 2018 413 2082 qui
451 2017 554 2063 sani
590 2015 647 2067 &
683 2016 899 2063 valentes
938 2020 1101 2077 parum
1141 2017 1356 2082 agimus,
1379 2016 1573 2064 interim
1610 2016 1719 2063 dum

332 2081 508 2132 infirmi
543 2097 598 2130 ac
638 2079 1008 2139 valetudinarii,
1049 2094 1127 2130 tot
1180 2094 1453 2143 ereptarum
1501 2096 1559 2128 ex
1616 2082 1722 2130 orci

329 2146 546 2196 faucibus
584 2145 738 2208 praedii
773 2144 1136 2205 locupletantur
1183 2146 1482 2194 animarum.
1532 2144 1720 2193 Perezii

331 2212 487 2261 socius
547 2212 770 2258 Rocchus
807 2211 865 2256 de
902 2211 1150 2269 Oliveirfi,
1188 2227 1283 2258 non
1321 2211 1474 2258 minus
1510 2209 1566 2260 &
1618 2210 1718 2272 ipse

329 2278 519 2325 strenue
555 2288 701 2338 atque
740 2273 922 2322 utiliter
958 2292 1155 2336 operam
1192 2274 1623 2324 navat.Scholam
1643 2289 1718 2321 re-

329 2341 401 2406 git
441 2354 743 2387 numerosam
781 2355 1079 2400 puerorum,
1134 2356 1335 2405 quorum
1387 2340 1505 2387 alios
1556 2337 1718 2403 legere

331 2418 574 2455 nostrates
609 2404 774 2456 literas
813 2420 870 2454 ac
906 2421 1052 2456 manu
1071 2421 1301 2474 pingere,
1325 2403 1447 2454 alios
1469 2407 1716 2472 Gramina-

1591 2478 1653 2516 tl-
