1803 3076
195 276 697 335 EPISTOLARUM.
734 273 837 322 Lib.
871 277 966 323 111.
1001 276 1085 338 Ep.
1124 276 1207 325 JV.
1289 288 1345 342 23

29 393 164 435 rum,
200 374 260 422 de
313 388 409 435 quo
462 368 628 431 scripsi
678 371 735 416 ad
788 371 1013 435 Regem,
1053 369 1170 418 illud
1208 382 1280 419 est
1315 403 1326 429 ,
1363 378 1418 417 ut

30 439 251 493 consulat
288 435 625 486 Lusitanorum
662 434 851 497 pupillis
883 468 893 493 ,
930 452 1134 499 quorum
1192 435 1428 484 videlicet

28 502 480 572 parente5‚amissa
516 517 603 562 pro
642 515 755 564 rege
793 501 897 550 vita
922 500 1130 560 ,liberos
1154 502 1425 549 orbosino·

33 577 209 636 pesque
247 567 517 630 reliquere,
556 564 845 626 stipendium
885 582 940 614 ac
977 566 1160 614 victum
1214 563 1429 629 parenti-

31 640 115 686 bus
153 634 372 682 debitum
408 630 722 693 persolvente
760 631 984 679 nemine.
1020 634 1186 698 Qare
1224 647 1322 680 non
1358 645 1431 677 es·

39 713 113 750 set
149 698 358 747 alienum
395 696 583 759 aliquot
619 696 665 742 in
704 697 839 744 India
876 699 1178 745 constituere
1200 694 1431 760 collegia

41 767 120 815 ubi
157 761 393 823 ejusmodi
430 760 598 825 pupilli
635 777 733 807 non
771 761 1014 810 alerentur
1047 762 1232 819 solum,
1268 761 1351 811 sed
1387 775 1435 808 e-

43 832 162 880 tiam
198 829 529 877 erudirentur.
566 827 628 873 Ft
664 826 890 888 quoniam
947 831 1051 878 Rex
1100 828 1437 890 indigenarum

48 911 244 960 quoque
281 893 421 941 saluti
460 891 732 955 prospicere
770 893 958 952 debet,
1015 896 1039 942 ὲ
1072 909 1121 941 re
1158 891 1439 941 Christiana

50 974 176 1009 esset
212 959 472 1015 mandare,
510 968 563 1003 ut
601 957 990 1008 Christianorum
1028 955 1438 1021 indigenarumli-

52 1026 149 1074 beri
188 1025 330 1073 certis
368 1022 413 1068 in
450 1020 570 1069 locis
608 1020 941 1070 imbuerentur
961 1024 1437 1072 Catechismo.1ta·

53 1107 145 1154 que
183 1090 225 1137 ei
262 1086 444 1143 scribo,
484 1098 536 1133 ut
573 1101 629 1132 ex
670 1087 869 1135 Bazaini
910 1088 1274 1153 vectigalibus(
1310 1086 1440 1136 sivi-

57 1159 275 1219 deatur)
312 1152 504 1200 circiter
554 1150 767 1213 quinque
822 1169 1125 1201 nummorum
1180 1167 1440 1202 aureorum

55 1220 206 1270 millia
242 1219 450 1282 assignet
487 1217 545 1263 ad
584 1213 818 1270 eiusmodi
853 1217 1066 1280 aliquam
1104 1220 1302 1270 domurn
1333 1231 1448 1279 ape—

56 1286 274 1336 riendam
302 1320 313 1330 .
351 1286 469 1331 Haec
506 1282 672 1328 omnia
710 1283 929 1346 Regem,
957 1286 1070 1331 Deo
1117 1284 1243 1332 bene
1279 1281 1449 1341 juvan-

58 1366 141 1411 te,
179 1366 263 1412 per
298 1360 433 1397 tuum
469 1347 728 1394 adventurn
768 1346 1011 1398 facturum
1067 1365 1169 1398 esse
1222 1348 1453 1396 confido.

126 1435 172 1481 4.
210 1413 440 1480 Cognovi
476 1428 627 1473 nuper
647 1414 701 1461 cle
722 1413 919 1478 regione
954 1415 1194 1477 Japonia‚
1217 1430 1321 1468 quae
1357 1411 1452 1459 sita

57 1494 130 1531 est
169 1480 293 1529 ultra
331 1478 465 1526 Sinas
501 1477 652 1525 millia
690 1495 874 1539 passum
928 1479 1133 1541 amplius
1193 1482 1303 1528 DC.
1340 1475 1453 1532 Eius

60 1546 246 1594 incolas
281 1543 380 1592 acri
415 1559 514 1592 esse
551 1543 776 1608 ingenio,
799 1543 1097 1606 cupidosque
1118 1542 1332 1593 discendi
1353 1557 1454 1590 non

64 1612 210 1660 modo
245 1609 432 1657 divinas
468 1623 540 1656 res
577 1641 588 1667 ,
626 1610 792 1657 verum
823 1609 977 1658 >etiam
1016 1609 1265 1658 naturales
1295 1642 1307 1669 ,
1347 1623 1454 1672 quae

64 1675 323 1738 disciplinis
359 1673 1089 1728 continentur.1d&Lusitani
1125 1675 1257 1723 illinc
1291 1687 1457 1722 revera

66 1743 101 1791 si
138 1740 422 1803 perhibent,
461 1740 516 1790 &
551 1740 768 1802 Japones
806 1741 999 1804 quidam
1036 1741 1151 1790 satis
1185 1739 1455 1797 declarant,

69 1809 147 1870 qui
184 1805 429 1868 superiore
466 1820 596 1851 anno
619 1821 807 1853 mecum
832 1805 1031 1856 Malae-:1
1068 1806 1114 1853 in
1136 1805 1323 1854 Indiam
1344 1819 1459 1867 pro-

70 1871 220 1929 fecti,
260 1886 410 1933 nuper
445 1870 565 1918 Goae
603 1871 650 1917 in
689 1870 921 1935 Collegio
972 1874 1017 1920 S.
1055 1871 1185 1921 Fidei
1218 1868 1458 1920 Christia-

72 1938 144 1986 nis
180 1935 418 1999 mysteriis
455 1933 638 1983 initiati
675 1947 813 1984 sunt.
836 1938 891 1985 Id
912 1937 1039 1986 adeo
1076 1935 1351 2002 intelligere
1372 1949 1462 1997 po·

71 2002 186 2052 teris
224 2017 282 2050 ex
317 2001 666 2064 Japonicarum
702 2018 858 2050 rerum
894 2002 1374 2066 narratione,quatn
1396 1996 1461 2047 ti-

75 2069 123 2116 bi
161 2067 371 2115 misimus
408 2077 664 2128 acceptam
713 2071 740 2116 ὲ
790 2068 939 2116 Paulo
992 2070 1188 2131 Japone
1226 2100 1238 2125 ,
1274 2078 1462 2131 cogno·

74 2145 243 2182 mento
280 2133 327 2180 S.
364 2130 526 2188 Fidei,
565 2131 670 2180 viro
708 2133 902 2197 egregia
940 2136 1054 2183 sane
1091 2132 1273 2182 virtute
1310 2146 1369 2178 ac
1410 2128 1462 2175 fi-

76 2201 167 2247 de.
203 2199 246 2245 Is
283 2196 342 2243 ad
376 2207 426 2243 te
462 2195 627 2244 scribit
661 2197 717 2245 de
754 2214 833 2256 se,
871 2202 1062 2262 suisque
1116 2197 1255 2247 rebus
1291 2228 1303 2255 ,
1341 2193 1464 2242 divi·

79 2267 247 2325 nisque
283 2260 530 2308 beneficiis
565 2261 610 2308 in
650 2278 700 2310 se
737 2263 1162 2327 collatis.1taque
1199 2276 1293 2326 ego
1329 2273 1465 2308 men·

81 2345 129 2377 se
170 2325 318 2388 Aprili
355 2325 578 2386 proximo
615 2326 661 2374 in
697 2328 961 2390 Japoniam
998 2346 1106 2378 cum
1126 2330 1309 2376 Cosmo
1345 2327 1464 2374 Tur·

77 2394 215 2444 riano
249 2402 422 2440 nostrae
459 2392 717 2442 Societatis
740 2396 1009 2446 Sacerdote
1044 2392 1346 2444 contendere
1365 2403 1464 2439 sta·-

746 2460 781 2506 B
815 2476 847 2524 4
1298 2457 1403 2506 tui.
