1803 3076
244 281 757 346 aris-somnum.
792 281 894 330 Lib.
930 285 1025 333 111.
1059 285 1149 349 Ep.
1183 287 1292 335 νιι.
1337 287 1402 339 σι

98 382 302 448 primurn
336 382 462 442 ipsos
495 378 750 427 caritatem
784 378 959 425 habere
992 392 1079 436 pro
1115 377 1337 426 mensura
1387 380 1470 427 de-

96 451 307 496 buerunt
325 445 498 492 amoris
520 445 566 491 in
587 444 834 506 proximos
857 459 867 489 :
889 457 947 489 ex
964 443 1056 489 hoc
1075 443 1232 490 adhuc
1248 456 1466 508 Vigente,

97 510 145 558 in
182 510 499 559 necessarium
535 509 697 557 salutis
731 506 929 570 propria·
964 507 1196 567 studium,
1219 509 1348 571 quod
1371 524 1469 555 ma-

84 575 137 625 le
173 576 454 641 negligunt,
490 576 804 622 reflectantur
837 606 848 633 ,
884 583 989 620 arte
1039 588 1138 620 non
1192 573 1470 621 omittenda

86 641 259 700 nobis,
312 656 429 704 quos
467 673 479 700 ,
516 639 631 686 nihil
667 650 963 686 intentatum
998 636 1047 684 in
1092 638 1374 686 reducendis
1408 639 1472 686 ad

80 706 156 754 sui
191 705 438 753 Creatoris
461 703 743 767 obsequium
780 702 1058 760 animabus,
1096 705 1470 766 aeternoqueip-

77 785 235 820 sarum
273 772 425 818 exitio
457 770 826 832 praevertendo,
848 767 1008 831 quoad
1024 766 1123 825 ejus
1142 767 1209 816 rei
1231 769 1470 833 perahanc

76 835 231 885 vitam
268 846 457 896 tempus
492 847 593 888 est,
633 833 902 896 relinquere
938 832 1205 882 convenit.

145 917 220 965 35.
255 902 437 948 Sistent
472 900 561 947 tibi
608 913 657 946 se
710 898 949 945 interdum
995 897 1043 946 in
1093 899 1246 945 Sacro
1299 896 1467 945 Tribu-

73 973 172 1012 nali
226 964 527 1027 poeniteutiae
578 961 801 1024 impliciti
841 961 980 1010 foedis
1019 963 1262 1010 amoribus
1313 962 1469 1013 homi-

77 1044 190 1088 nes,
229 1039 313 1076 aut
347 1028 515 1091 praedis
551 1042 692 1089 raptu
730 1029 1196 1091 congestis,quibus
1232 1028 1469 1079 avarein·

79 1095 288 1148 cubant,
327 1093 683 1151 redundante8‚
722 1108 840 1155 quos
878 1093 938 1138 ad
974 1093 1236 1157 abigendas
1285 1095 1310 1141 ὲ
1347 1108 1470 1140 con-

84 1157 325 1207 tubernio
360 1157 661 1220 pellice52ad
698 1156 1003 1203 resarcienda
1039 1159 1316 1218 rapinarum
1354 1173 1466 1218 spo-

78 1221 240 1282 liatis,
277 1237 360 1284 per
395 1223 786 1279 restitutionem,
824 1223 1035 1283 damna,
1067 1237 1158 1268 nec
1196 1222 1292 1269 Dei
1328 1237 1469 1270 amor

82 1300 168 1336 aut
202 1288 509 1346 reverentia,
545 1302 661 1350 quas
716 1285 931 1332 funditus
983 1286 1296 1347 perdiderunt
1326 1319 1337 1344 ,
1377 1301 1466 1333 nec

75 1365 235 1401 metus
271 1352 438 1400 mortis
474 1365 559 1399 aut
594 1348 796 1410 inferni,
821 1357 878 1398 ad
901 1348 1035 1408 cujus
1069 1366 1259 1399 sensum
1296 1351 1466 1399 occal-

75 1417 211 1465 luere
234 1448 247 1475 ,
285 1430 434 1480 queat
467 1418 707 1465 adducere
730 1451 742 1463 .
780 1419 882 1465 Hos
920 1431 1015 1464 una
1066 1431 1193 1463 ratio
1250 1414 1464 1463 terrendi

68 1494 169 1541 est,
193 1483 486 1530 intentandis
522 1482 779 1529 minaciter
800 1480 933 1528 malis
954 1515 965 1541 ,
986 1497 1089 1545 quae
1115 1482 1318 1529 horrent
1344 1479 1463 1538 sola,

74 1547 189 1605 vitae
225 1544 360 1605 hujus
382 1583 393 1595 .
429 1549 558 1612 Ergo
594 1546 694 1594 istis
731 1545 974 1594 denuncia
995 1580 1006 1606 ,
1030 1545 1163 1594 brevi
1189 1578 1200 1604 ,
1223 1546 1269 1593 ni
1299 1548 1462 1594 Deum

42 1611 252 1660 *iratum
288 1611 481 1674 placare
518 1625 824 1674 properents
851 1624 1226 1673 superventuras
1265 1611 1373 1673 ipsis
1396 1608 1466 1669 ia-

68 1688 228 1725 cturas
266 1676 656 1741 naufragiorum,
696 1675 1043 1725 inzectationes
1081 1673 1461 1737 Praefectorum,

71 1741 338 1792 calumnias
371 1741 560 1800 litium,
599 1742 941 1790 damnationes
979 1740 1270 1800 judiciorum
1305 1773 1316 1800 ‚
1355 1757 1463 1789 car-

72 1822 237 1856 cerum
273 1806 440 1872 longas
477 1823 709 1855 aerumnas
745 1809 1072 1866 ,nimborum
1126 1805 1465 1854 incurabilium

73 1872 124 1920 in
160 1888 343 1919 summa
379 1885 601 1937 egestate
638 1888 695 1919 ac
731 1872 1082 1932 destitutione,
1120 1871 1254 1919 nulla
1291 1887 1466 1919 conso-

69 1935 261 1986 latione
295 1936 543 2002 mitigatas
578 1937 869 1986 acerbitates
891 1939 1046 1997 3inter
1081 1935 1356 1995 infamiam,
1393 1938 1464 1998 ip-

70 2017 149 2050 sos
185 2003 242 2054 &
278 2015 499 2065 posteros
535 2018 702 2050 eorum
753 2002 1002 2050 indelebili
1051 2002 1246 2050 macula
1297 2000 1462 2051 defor-

71 2080 317 2126 mantem,
355 2067 483 2115 inter
517 2067 680 2115 odium
718 2068 773 2122 &
795 2069 1159 2116 execrationem
1179 2067 1461 2130 publicam;

77 2131 239 2194 qualia
278 2132 347 2180 his
369 2131 535 2183 &illis
569 2133 716 2194 probe
735 2132 842 2194 ipsis
864 2133 1018 2192 notis,
1039 2149 1129 2181 nec
1150 2131 1298 2196 magis
1319 2135 1463 2194 quam

73 2195 141 2243 illi
158 2198 351 2256 meritis,
372 2197 588 2245 evenisse
611 2198 951 2246 meminerunt.
971 2201 1133 2246 Deum
1153 2199 1327 2259 quippe
1346 2212 1466 2242 nun-

76 2277 221 2324 quam
242 2261 432 2323 impune
453 2262 727 2312 contemni:
747 2264 801 2320 ἃ
817 2268 878 2310 eo
898 2262 1259 2313 irrevocabilius
1280 2263 1460 2321 saevire,

74 2329 172 2388 quo
207 2325 464 2386 patientius
500 2329 838 2390 expectaveris:
862 2362 873 2374 .
906 2327 1094 2374 Talium
1132 2328 1271 2374 certo
1305 2326 1463 2372 immi-

75 2390 296 2438 nentium
330 2388 538 2455 imagine
567 2392 779 2440 cladium
812 2390 1058 2455 perculsos
1097 2389 1241 2441 facile
1287 2390 1463 2452 primus

1285 2470 1402 2503 con-
