1803 3076
111 299 633 356 EPISTOLARum.
656 296 1219 365 Lib.1KEp.XXXW
1269 316 1370 366 429

39 399 137 450 mei
175 401 245 448 ita
280 394 393 467 aegri
427 408 568 453 sunt,
606 405 660 441 ut
710 392 931 457 quotidie
968 394 1163 441 morbus
1215 393 1441 458 ingrave-

35 477 182 524 scat,
216 477 315 510 non
350 464 450 510 sine
488 458 697 506 maxima
736 475 843 507 mea
875 460 1129 507 molestia
1166 460 1280 506 Deo
1332 461 1438 507 ubi-

38 546 134 594 que
168 527 358 593 gratia,
379 526 428 572 in
466 524 706 583 coelo,&
745 542 792 573 in
829 538 988 583 terra,
1024 526 1047 588 (
1080 525 1157 588 qui
1193 523 1281 571 tibi
1322 540 1439 577 tuis.

39 610 132 667 que
161 596 284 641 hanc
308 606 546 663 magnam
575 591 931 639 humanitatem
951 599 1204 651 retundat,
1222 606 1327 654 quae
1349 590 1440 638 mi-

31 660 80 707 hi
113 659 162 705 in
199 670 284 706 tua
324 672 436 704 navi
471 656 766 721 tribuitur).
806 659 959 704 Cura
1004 670 1165 720 quaeso
1187 668 1236 703 te
1286 656 1438 704 etiarn

39 736 191 787 atque
227 721 410 780 etiam,
451 734 502 768 ut
538 721 732 779 valeas,
774 721 825 772 δε
883 720 1076 769 ratione
1126 735 1273 783 atque
1328 737 1439 783 pru.

41 788 208 837 dentia
245 787 475 848 paulatin]
515 799 730 848 acceptis
768 785 1041 834 vulneribus
1077 786 1340 833 medearis.
1375 787 1440 834 11.

35 853 119 902 lud
171 856 255 899 abs
308 865 355 899 te
408 854 529 899 veh-1
522 865 724 899 menter
777 865 938 911 peto,
991 864 1044 900 ut
1111 867 1238 898 nunc
1291 856 1435 913 quam

33 917 297 966 arctissime
332 917 676 978 complectaris
736 918 896 964 Deum
951 917 1030 978 qui
1102 929 1203 964 tam
1253 911 1437 964 diffic1li

35 995 261 1045 tempore
308 983 642 1029 calamitatem
700 981 922 1029 sublevet
955 997 1012 1029 ac
1049 981 1231 1030 soletur
1267 993 1435 1031 tuam.

35 1049 94 1097 1-1
130 1048 254 1096 adeo
302 1062 633 1107 consequere,
671 1047 705 1093 si
742 1047 951 1094 crebrius
1005 1045 1339 1095 Confessionis
1375 1048 1433 1102 dc

33 1113 347 1162 Eucnaristiae
394 1110 723 1175 frequentabis
760 1112 1016 1173 mysteria,
1039 1115 1182 1174 teque
1218 1114 1279 1157 ad
1315 1111 1438 1157 divi-

35 1193 148 1225 nam
186 1176 516 1225 voluntatem
532 1190 722 1238 penitus
753 1175 1116 1225 conformabis
1133 1179 1288 1224 Patres
1328 1178 1441 1224 Ma·

39 1242 245 1291 lacenSIS
285 1240 494 1304 Collegi}
532 1244 699 1303 saepius
737 1244 912 1299 adeas,
946 1256 1152 1299 censeo,
1191 1254 1339 1303 atque
1375 1241 1440 1288 ab

33 1307 104 1357 his
141 1305 496 1355 consolationis
516 1319 651 1366 petas
683 1306 806 1353 medi
817 1308 1010 1353 cinam.
1047 1306 1283 1376 Equidem
1337 1306 1435 1354 Dei

35 1372 347 1443 benignitate
383 1387 523 1433 spero
561 1369 798 1429 futurum,
837 1383 891 1419 ut
943 1387 1001 1419 ex
1057 1372 1214 1418 isthoc
1252 1372 1433 1426 probro

33 1454 91 1486 ac
130 1438 428 1485 detrimento
481 1452 709 1507 magnum
763 1437 1044 1500 propediem
1101 1436 1246 1485 decus
1281 1447 1435 1500 atque

39 1503 423 1552 emolumentum
462 1513 667 1549 extstat.

105 1584 147 1617 ι.
187 1566 365 1627 Accepi
404 1578 563 1614 certos
603 1563 822 1614 homines
859 1563 1003 1614 fuisse
1033 1597 1044 1625 ‚
1077 1564 1156 1629 qui
1193 1565 1302 1613 cum
1340 1581 1433 1614 no·

38 1634 121 1682 stri
157 1632 336 1680 itineris
373 1630 720 1679 imnedimenta
756 1647 1008 1679 removere
1061 1645 1258 1691 possent
1291 1663 1303 1690 ,
1355 1630 1429 1679 sui

36 1696 316 1770 compendii
353 1712 461 1744 cau
471 1697 498 1744 a
520 1696 796 1745 noluerint.
817 1697 910 1745 Sed
937 1696 1252 1745 vehementer
1271 1707 1440 1745 errant

38 1781 150 1827 qui,
189 1763 383 1812 deserto
408 1760 558 1809 fonte
597 1763 834 1810 bonorum
872 1761 1089 1811 omnium
1130 1762 1272 1820 Deo,
1295 1776 1433 1809 com-

40 1830 187 1878 moda
222 1842 367 1891 atque
404 1827 640 1874 utilitates
677 1828 736 1873 ab
774 1825 1049 1874 hominibus
1089 1837 1300 1886 petunt.
1331 1826 1433 1875 Ve-
1488 1884 1489 1888 Ἰ

41 1909 145 1943 rum
183 1892 298 1940 illucl
337 1891 613 1954 praeclarum
652 1905 725 1939 est
772 1891 1160 1940 ulciscendorum
1213 1890 1437 1939 inimico*

42 1975 147 2007 rum
184 1970 434 2022 genus,ut
471 1958 536 2004 eis
573 1958 628 2010 &
664 1956 859 2006 caeleste
900 1963 1092 2004 Numen
1130 1954 1355 2017 placare,
1375 1957 1433 2008 6:

49 2024 258 2087 benigne
297 2020 459 2069 facere
498 2022 772 2069 studeamus
805 2058 816 2069 .
854 2023 916 2069 Ν
928 2023 1097 2070 mirum
1147 2023 1280 2069 Deus
1330 2019 1435 2082 ipse

48 2090 204 2135 vicem
244 2100 457 2134 nostram
495 2084 803 2158 ulciscetur,
821 2090 1088 2149 poenasque
1124 2085 1184 2131 ab
1239 2084 1305 2132 eis
1357 2100 1436 2133 re-

46 2167 187 2216 petet
223 2167 438 2199 omnium
460 2152 691 2222 opinione
712 2149 949 2208 majoreS.
972 2151 1118 2216 Qod
1143 2148 1326 2197 utinam
1362 2165 1438 2197 se·

51 2233 134 2266 cus
171 2217 393 2266 eveniat.
415 2219 498 2283 (ἦ)
522 2216 601 2275 Si,
618 2229 670 2269 ut
689 2231 859 2280 spero,
886 2218 1001 2265 Deo
1032 2214 1333 2279 approbante
1356 2229 1438 2276 pe-

1290 2293 1371 2326 ne-

163 2349 221 2396 (*)
255 2352 346 2388 Cut.
376 2347 604 2399 evenerit,
635 2345 748 2396 cujis
780 2361 844 2389 me
875 2361 1047 2402 magnus
1081 2356 1200 2388 tenet
1233 2345 1354 2386 dolor
1385 2358 1433 2389 ae

45 2403 305 2446 miseratio.
335 2407 384 2444 ln
417 2406 603 2444 Domino
633 2415 780 2444 nostro
800 2417 914 2462 spem
934 2403 1104 2453 habeo,
1124 2401 1216 2443 fore
1249 2410 1293 2442 ut
1324 2401 1439 2442 cala

49 2460 174 2501 mitas
194 2468 277 2499 naec
309 2469 379 2499 tua
412 2470 454 2499 et
486 2460 722 2511 persecutio
752 2459 796 2501 in
816 2473 946 2511 majus
967 2469 1084 2500 tuum
1104 2459 1434 2501 emolumentum

58 2514 341 2570 honoremque
373 2519 599 2558 succedat«,
