1803 3076
207 291 1406 360 EPISTOLARUM.Lih.111.Ep.XXI.199

83 394 182 453 ejus
219 392 419 454 imperio
455 402 596 449 sunt,
631 389 825 451 impune
859 386 962 437 fieri
999 387 1327 438 Christianos.
1349 391 1471 437 Haec

86 476 180 517 ecro
216 460 402 505 laetiora
437 455 484 502 in
529 467 747 503 extrema
800 452 1009 517 epistola
1070 452 1293 500 adscribo
1324 486 1336 513 ,
1373 467 1471 516 quo

85 523 230 588 magis
278 519 566 585 gaudeatis,
606 521 662 571 8(
715 519 1022 584 gratulemini
1083 517 1304 589 Domino
1357 520 1472 566 Deo

82 600 276 635 nostro
278 559 472 632 e'Nobis
507 587 529 648 <
564 597 618 632 ut
654 586 859 633 arbitror
896 593 916 648 )
953 585 1054 632 haec
1088 582 1237 631 hiems
1291 581 1339 629 in
1396 597 1473 628 ar-

79 650 236 700 ticulis
273 649 386 697 fidei
420 649 660 710 copiosius
697 649 995 712 explicandis
1031 659 1270 711 ponetur.
1307 649 1471 713 Qam

81 716 205 777 expl
215 714 463 763 tationem
481 716 575 762 Par
583 713 672 762 llus
707 715 974 763 carissimus
1006 712 1156 762 frater
1175 724 1340 761 noster
1361 726 1471 760 cum

81 780 322 843 japtnice
360 781 558 828 verterit
595 780 615 837 (
655 793 815 828 vertet
866 792 1029 828 autem
1080 779 1289 826 fideliter
1335 775 1473 840 quid-

85 846 197 907 quid
233 844 292 890 ad
327 860 518 892 suorum
552 847 755 893 salutem
794 846 1111 894 necessarium
1150 841 1295 891 fuerit
1326 845 1348 905 )
1395 853 1476 904 ty·

84 926 152 972 pis
187 910 380 958 tradere
417 910 725 974 cogitamus,
746 923 801 959 ut
822 926 929 957 cum
965 925 1050 959 nos
1090 908 1270 971 ubique
1304 922 1474 955 coram

87 976 251 1022 adesse
289 990 612 1036 nequeamuS,
651 974 895 1023 literarum
934 974 1201 1031 beneficio,
1237 987 1351 1035 quas
1390 987 1478 1018 no-

87 1052 196 1088 runt
230 1038 472 1100 plerique,
496 1040 670 1087 veritas
693 1040 952 1088 christiana
976 1038 1118 1087 latius
1143 1049 1442 1100 propagetur
1458 1070 1472 1084 .

149 1107 190 1152 8
229 1106 374 1151 Nunc
412 1118 498 1150 vos
533 1104 806 1165 (quoniam
844 1116 983 1151 tanta
1020 1103 1191 1166 patefit
1213 1102 1320 1151 vobi
1329 1118 1477 1164 spro-

88 1170 247 1217 vincra
287 1172 306 1230 )
343 1168 476 1214 omni
513 1167 673 1215 studio
711 1168 999 1216 industriam
1038 1169 1371 1231 pietatemque
1394 1181 1479 1216 vc-

85 1248 229 1284 stram
266 1232 310 1277 in
348 1233 543 1280 theatro
580 1233 761 1282 caelesti
799 1234 1005 1295 probare
1042 1231 1382 1280 contendite.
1422 1231 1482 1278 Id

89 1297 438 1372 assequemini,
476 1296 511 1344 si
549 1297 594 1345 in
650 1299 742 1346 hoc
794 1297 970 1346 saeculo
1026 1295 1386 1355 humilitatem,
1423 1297 1482 1367 ὃς

85 1365 299 1412 sensibus
336 1361 513 1409 intimis
549 1361 820 1422 colueritis,
846 1364 901 1414 <Sc
937 1362 1153 1410 moribus
1193 1360 1483 1423 expresseri-

94 1429 188 1487 tis,
224 1442 280 1474 ac
316 1428 447 1476 vita:
486 1429 616 1490 quod
652 1428 712 1475 ad
767 1427 1188 1476 existimationem
1244 1425 1484 1473 autorita-

83 1508 286 1565 temque
321 1492 529 1547 attinet
567 1505 726 1541 totum
764 1492 809 1540 id
848 1492 1068 1541 Domino
1107 1491 1482 1554 permittentes,

95 1575 172 1622 qui
212 1557 347 1606 vobis
383 1573 489 1604 eam
525 1557 622 1620 ipse
657 1574 741 1622 per
776 1574 825 1606 se
878 1557 1166 1606 conciliabit
1222 1554 1485 1619 profecto

93 1624 242 1690 Qod
277 1622 310 1668 si
349 1620 512 1671 facere
548 1623 794 1682 omiserit,
832 1635 996 1671 vestra
1033 1638 1176 1670 causa
1214 1621 1481 1694 videlicet,

94 1705 184 1745 ne,
223 1703 326 1750 quae
365 1687 461 1736 Dei
499 1701 613 1736 sunt
648 1689 888 1737 vobismet
924 1688 1163 1760 arrogetis
1199 1719 1211 1745 ,
1249 1684 1490 1735 omiserit.

97 1752 224 1802 Illud
263 1767 378 1800 vero
417 1768 501 1799 vos
543 1769 639 1815 eoo
675 1756 822 1802 etiam
859 1766 1010 1817 atque
1045 1767 1194 1801 etiam
1232 1753 1488 1812 obtestor,

96 1830 150 1865 ut
186 1833 351 1864 veram
387 1817 515 1865 inter
551 1834 637 1866 vos
661 1835 829 1881 parem
851 1831 1001 1881 atque
1024 1815 1343 1865 concordiam
1379 1833 1487 1865 orn-

96 1882 146 1930 ni
182 1881 372 1930 ratione
408 1882 700 1933 retineatis.-
749 1899 1027 1945 summaque
1084 1899 1176 1952 ope
1229 1881 1491 1942 nitamini,

102 1960 155 1994 ut
191 1963 252 1995 ne
288 1963 378 2008 qua
417 1948 462 1994 in
500 1947 637 1995 vobis
672 1949 851 1997 semina
889 1946 1195 1996 dissensionis
1232 1949 1489 1995 existant.-

101 2012 353 2074 praeclaros
388 2011 496 2060 illos
532 2026 718 2061 vestros
751 2025 957 2062 conatus
992 2028 1048 2062 ac
1083 2010 1236 2060 studia
1273 2010 1491 2082 patiendi

103 2092 190 2138 pro
228 2076 424 2124 Christo
447 2110 458 2129 ,
490 2077 755 2126 conferatis
792 2079 984 2127 interim
1040 2078 1100 2125 ad
1154 2093 1347 2125 omnem
1397 2075 1490 2122 dis-

106 2140 281 2188 cordiae
317 2141 536 2203 spiritum
575 2144 940 2203 debellandum,
963 2156 1199 2191 memores
1234 2141 1494 2190 affirmasse

107 2204 378 2263 Christum,
416 2222 473 2254 ea
510 2223 558 2254 re
596 2223 702 2255 suos
738 2209 992 2274 cognitum
1029 2207 1108 2266 iri,
1144 2206 1182 2254 si
1217 2222 1266 2254 se
1324 2204 1495 2271 dilige-

106 2282 217 2317 rent
252 2269 489 2318 invicem.
501 2274 724 2321 Gratiam
760 2289 893 2321 suam
934 2272 1173 2321 Dominus
1210 2274 1347 2319 Deus
1382 2284 1496 2318 nos-

108 2346 183 2382 ter
219 2349 276 2382 ac
312 2334 617 2386 voluntatem
658 2338 829 2385 animis
878 2337 1054 2386 nostris
1106 2334 1360 2395 insinuet,
1397 2349 1495 2400 quo

106 2414 167 2447 ex
203 2414 259 2446 ea
296 2415 438 2463 quam
474 2401 683 2451 maxime
717 2415 896 2451 cuncta
931 2401 1195 2450 faciamus·

759 2469 809 2518 N
843 2486 875 2534 4
1290 2466 1434 2515 Can-
