1803 3076
216 273 1258 345 EPISTOLARUM‚Lib.1V.Ep.xxiz.
1327 288 1419 352 385

146 395 223 446 29
260 378 468 448 Qoties
505 392 654 426 naves
675 393 724 424 in
755 376 1050 425 Lusitaniam
1089 391 1276 425 cursum
1312 379 1474 428 inten-

86 448 236 504 dent,
273 455 404 492 dabis
440 443 606 490 literas
642 445 704 490 ad
740 444 964 508 Regem,
1002 442 1170 490 breves
1223 445 1278 495 &
1331 459 1480 494 accu-

83 515 280 561 ratione
314 509 546 570 peculiari
581 509 815 578 scripta3‚
855 517 1022 570 quibus
1076 507 1121 554 ei
1170 513 1472 570 compendio

84 577 264 624 indices
298 573 507 621 fructum
546 588 812 620 animarum
851 589 932 644 qui
971 575 1023 624 ὅτ
1059 574 1207 632 Goae,
1246 576 1302 626 ὅ(
1356 575 1479 625 locis

86 641 273 690 caeteris
309 654 392 701 per
431 637 619 685 Indiam
676 639 941 685 ministerio
979 639 1233 686 Sociorum
1273 641 1480 704 legitur.

85 706 163 755 Ad
198 707 290 752 hoc
329 706 512 751 mature
569 704 889 768 congregibis
945 715 1251 751 narrationes
1303 722 1473 756 eorum

83 786 188 834 quae
225 768 339 816 alibi
376 781 639 833 geruntur,
678 784 736 816 ex
775 769 943 830 quibus
999 769 1263 830 decerpens
1311 774 1478 833 praeci-

84 851 211 898 pua,
250 834 479 894 scriptum
516 833 861 893 concinnabis,
899 834 1031 897 quod
1080 848 1186 881 cum
1247 838 1478 897 volupta-

88 913 139 948 te
175 914 334 962 speres
367 915 396 945 a
435 902 570 963 Rege
609 901 663 949 (Sc
701 898 837 962 regni
874 898 1149 959 proceribus
1185 897 1482 962 legendum.

86 965 206 1013 Aliis
245 963 417 1011 deinde
454 962 606 1010 literis
641 978 741 1010 rem
754 937 913 1019 &huius
937 962 1149 1027 Collegii
1185 961 1478 1014 familiarem

90 1029 190 1088 ejus
215 1028 467 1085 Maiestati
499 1029 890 1075 commendabis:
913 1042 1145 1091 quantum
1168 1027 1234 1074 illi
1254 1031 1402 1098 desit,
1425 1043 1480 1081 ut

87 1095 239 1156 possit
274 1109 358 1155 par
394 1108 495 1140 esse
534 1091 740 1141 ferendis
777 1092 1000 1141 oneribus
1021 1093 1189 1156 quibus
1227 1092 1474 1156 subjacet,

88 1172 372 1229 exponens,
411 1158 833 1206 Commemorabis
870 1159 985 1221 quid
1035 1171 1279 1206 certorum
1333 1176 1478 1223 quot

87 1239 224 1271 annis
259 1236 492 1270 censuum
513 1223 743 1293 colligat,
767 1222 878 1286 quid
915 1223 1285 1273 extraordinarii
1325 1227 1477 1273 dona·

85 1289 200 1348 tivi,
237 1290 435 1366 quando
472 1300 748 1350 acceperit.
788 1291 900 1338 Hoc
954 1286 1187 1337 distincte
1243 1290 1479 1338 declarari

87 1355 312 1415 expedit,
352 1352 536 1403 idcirco
575 1353 704 1416 quod
737 1352 964 1418 intelligo
1000 1353 1266 1403 decernere
1317 1355 1417 1401 sub
1428 1371 1477 1402 n-

89 1420 148 1466 de
171 1421 383 1483 Regem,
416 1429 468 1466 ut
505 1419 717 1482 quaedam
757 1431 894 1467 extra
931 1418 1146 1467 ordinem
1183 1420 1478 1479 provenien·

87 1495 160 1532 tes
196 1457 550 1556 pecuniae,aF
557 1484 761 1531 scalibus
795 1485 973 1532 Goano
1009 1483 1237 1547 Collegio
1259 1486 1475 1534 tribuun-

88 1562 194 1598 tur:
234 1550 281 1595 in
319 1563 416 1619 qio
453 1564 516 1596 an
552 1547 718 1612 Regiae
755 1563 941 1629 semper
976 1547 1259 1598 liberalitati
1316 1549 1472 1598 fideli-

90 1625 162 1662 tas
197 1611 296 1670 ejus
335 1613 672 1662 Ministrorum
709 1615 883 1662 exacte
918 1614 1244 1685 respondeat,
1280 1616 1472 1665 nescio:

88 1680 290 1727 edoctus
327 1680 434 1727 Rex
472 1692 709 1744 quantum
745 1693 1098 1739 acceperiS,S1
1147 1681 1259 1740 quid
1318 1681 1474 1728 minus

88 1759 232 1807 quam
268 1741 468 1797 iusserat
504 1754 811 1792 numeratum
851 1743 1062 1802 viderit,
1101 1743 1289 1793 refundi
1341 1744 1475 1795 vide-

89 1810 210 1858 licet
244 1808 465 1857 curabit.
502 1808 748 1874 Adiunges
784 1811 843 1857 de
880 1809 1096 1889 patribus
1135 1809 1215 1872 qui
1268 1825 1327 1858 ex
1379 1811 1476 1858 hoc

91 1873 325 1938 Collegio
363 1874 748 1940 Evangelizandi
784 1875 942 1945 gratia
978 1889 1027 1921 in
1065 1874 1174 1922 loca
1214 1876 1341 1922 varia
1363 1876 1474 1923 mit-

86 1951 288 1996 tuntur,
325 1953 409 1986 eos
447 1938 757 2004 plerumque,
781 1939 858 1990 ubi
895 1942 994 2004 quo
1030 1940 1332 1989 destinantur
1365 1955 1474 2011 per-

92 2002 334 2061 venerint,
349 2003 568 2068 gravibus
589 2005 687 2052 illic
705 2007 764 2052 ab
784 2021 941 2053 rerum
976 2007 1345 2052 necessariarum
1367 2021 1472 2052 ino-

92 2069 170 2132 pia
207 2066 570 2116 difficultatibus
607 2070 850 2131 impediri,
887 2086 947 2119 ne
983 2072 1114 2119 recte
1151 2068 1317 2118 officio
1366 2068 1471 2116 fun-

97 2145 311 2202 gantur.-
348 2149 493 2197 quare
547 2149 812 2207 suggeres,
848 2135 1043 2206 dignum
1094 2136 1244 2206 videri
1297 2133 1471 2183 caetera

89 2201 159 2247 rel
169 2213 327 2262 ig1one
380 2214 438 2246 ac
473 2200 805 2248 munificentia
845 2199 1120 2256 Maiestatis
1159 2198 1258 2256 ejus
1291 2232 1302 2258 ‚
1340 2199 1471 2248 mitti

91 2263 184 2312 huc
221 2261 431 2336 diploma
482 2264 570 2313 rite
620 2264 927 2337 obsignatum
984 2281 1079 2329 quo
1128 2264 1466 2328 praecipiatur‚

96 2343 149 2375 ut
185 2327 353 2391 quibus
402 2329 450 2375 in
486 2329 672 2378 arcibus
708 2330 946 2379 Lusitanis
996 2332 1229 2379 stationes
1281 2332 1471 2378 Parrum

94 2393 359 2508 {ocietatis
395 2406 540 2457 sunt,
574 2411 738 2446 earum
776 2411 835 2443 ex
887 2395 1056 2444 aerario
1109 2396 1165 2449 &
1214 2394 1473 2460 apothecis

143 2475 206 2508 om
259 2465 311 2509 ss
787 2461 824 2510 B
859 2460 889 2508 b
1331 2475 1405 2511 te·
