1803 3076
204 298 841 356 EPISTOLARUM.L1·b.
876 303 953 351 ιν.
973 305 1060 370 Ep.
1095 307 1228 358 Χιν.
1295 323 1389 377 317

61 400 354 453 verissimam
390 401 418 445 a
455 411 504 445 te
540 395 657 445 olim
693 397 1009 460 repetendam
1044 413 1146 448 esse
1183 399 1452 456 rationem:

60 465 194 523 cuius
233 481 278 511 in
316 462 737 511 administratione
774 462 890 510 nihil
927 464 1117 526 proprie
1152 477 1287 513 tuum
1338 485 1454 530 pos.

60 536 120 580 sis
157 544 450 596 agnoscere,
489 539 662 589 praeter
697 527 861 600 culpas
899 529 1127 590 plurimas
1164 532 1443 593 impruden-

58 597 168 654 tiae,
186 570 394 659 &neglige
404 593 543 651 ntiae,
567 593 742 658 ingrati
779 593 986 656 denique
1022 595 1170 642 animi
1208 613 1320 660 erga
1343 600 1445 647 De-

60 676 138 708 um
177 676 253 723 (ιιιι
291 659 433 723 largit
439 673 489 704 us
525 670 598 705 est
629 691 640 717 ‚
682 674 794 722 erga
832 659 1058 721 populum
1095 661 1143 708 in
1189 676 1320 719 cuius
1357 663 1450 711 uti-

55 724 247 773 litatem
286 738 360 772 est
363 704 544 780 0data;
586 738 836 793 postremo
871 727 1094 772 aiversus
1131 739 1337 775 matrem
1364 741 1442 776 tu·

55 806 133 837 am
172 789 471 837 Societatem
505 789 654 849 Jesu,
694 804 825 843 cuius
862 790 1048 837 evictus
1084 791 1304 851 precibus
1358 793 1442 841 be-

55 856 357 925 nignissimus
395 853 634 901 Dominus
670 852 835 917 aliquo
873 866 982 902 tuos
1015 855 1206 904 labores
1253 872 1445 907 succes-

57 935 111 968 su
136 926 383 967 torrunat.

121 1004 168 1049 4.
201 984 396 1047 Jiiverit
429 982 577 1032 etiam
613 981 848 1043 fructum,
894 995 1293 1049 quantuscunque
1327 1003 1440 1048 pro-

57 1051 224 1108 venit,
263 1064 543 1121 comparare
579 1063 685 1095 cum
735 1050 780 1095 l
771 1052 879 1113 Jnge
933 1050 1184 1120 uberiori,
1224 1067 1441 1112 proven·

58 1126 173 1162 turo
207 1113 243 1159 si
281 1129 376 1160 non
412 1113 784 1174 interciperetur
819 1126 905 1160 tuo
958 1113 1079 1162 vitio
1115 1155 1125 1163 .
1121 1132 1314 1178 ·quare
1364 1117 1447 1164 de-

56 1178 140 1226 bes
176 1178 453 1225 incumbere
490 1182 634 1241 quain
673 1177 883 1225 maxima
919 1179 1097 1237 poteris
1129 1178 1361 1229 instantia
1380 1182 1441 1229 ad

54 1244 357 1314 exorandum
396 1245 589 1301 Deum,
627 1255 680 1290 ut
714 1254 806 1290 tice
859 1244 1012 1292 menti
1062 1245 1315 1293 coelestem
1365 1247 1438 1293 lu-

59 1323 168 1356 cem
207 1308 487 1372 ιιιιιιιζὲιῖ3ῖ,
524 1323 618 1371 qua
653 1309 760 1355 inti
764 1311 820 1355 ne
858 1307 1128 1356 illustrante
1167 1308 1350 1380 liquido
1372 1312 1443 1358 vi-

18 1375 200 1431 .deas‚
238 1389 298 1436 qu
306 1385 420 1419 anta
460 1388 540 1433 per
592 1384 700 1419 tuos
750 1370 972 1420 defectus
1025 1389 1082 1420 ac
1129 1373 1442 1437 quotidianos

55 1436 213 1507 lapsus
249 1438 333 1484 ob
341 1439 503 1485 [acula
539 1450 851 1499 opponantur
890 1437 1085 1486 Divinae
1121 1439 1167 1486 in
1219 1451 1268 1487 te
1321 1455 1441 1502 ope-

55 1515 185 1553 ranti
220 1502 479 1561 bonitati,
519 1503 772 1563 prohibitae
810 1501 950 1573 plane
987 1504 1173 1577 assequi
1209 1504 1335 1569 quod
1356 1521 1444 1567 op-

59 1579 164 1626 tat
200 1566 577 1629 imperfectione
614 1583 670 1614 ac
707 1567 816 1615 labe
854 1571 1165 1617 instrumenti
1199 1571 1331 1633 quod
1351 1571 1439 1617 ad-

57 1633 228 1681 hibet:
265 1633 474 1696 ideoque
512 1632 788 1680 omittentis
825 1630 1137 1682 manifestare
1171 1649 1222 1682 se
1252 1633 1439 1695 clarius,

60 1698 117 1749 &
153 1714 254 1761 quae
290 1698 349 1744 ad
385 1713 516 1745 suam
564 1698 772 1763 gloriam
808 1698 930 1745 salu
940 1699 1113 1760 emque
1160 1699 1443 1747 mortalium

56 1778 233 1827 magna
282 1775 368 1810 tuo
417 1735 698 1811 intervbentu
753 1762 1132 1822 destinaverat,
1172 1780 1442 1829 peragere;

56 1842 216 1900 neque
253 1829 338 1875 hos
374 1842 537 1874 sensus
573 1825 756 1899 jactare
793 1841 842 1876 te
879 1828 1036 1876 verbis
1072 1830 1443 1888 apudhomines

55 1894 238 1958 magis,
275 1907 418 1963 quam
455 1896 569 1940 Deo
623 1892 886 1954 inspectori
943 1894 1159 1940 cordium
1212 1895 1442 1943 exhibere

57 1959 250 2021 penitus
285 1973 449 2004 animo
485 1970 755 2019 conceptos
793 1957 979 2006 velim.
1016 1960 1167 2006 Erunt
1215 1961 1262 2007 hi
1311 1958 1445 2022 quasi

59 2023 237 2071 stimuli
275 2022 530 2071 salubriter
565 2024 804 2071 excussuri
841 2023 1184 2087 gloriationem
1241 2040 1444 2097 vanam,

60 2092 225 2150 quibus
261 2100 582 2149 compunctus
616 2087 952 2160 collectusque
1007 2104 1054 2135 in
1107 2091 1442 2137 attentionem

60 2153 158 2213 tui,
194 2152 320 2200 adeo
355 2168 453 2200 non
487 2151 759 2206 dissolveris
796 2169 841 2199 in
880 2153 1095 2214 supinam
1130 2167 1443 2202 securitatem

60 2232 115 2264 uc
149 2219 308 2279 potius
344 2217 490 2265 instes
527 2216 626 2279 ipse
662 2217 746 2264 tibi
783 2249 793 2274 ,
832 2218 888 2268 (ἵε
939 2218 1132 2267 solicite
1186 2218 1442 2283 invigiles,

58 2281 468 2343 circumspectans
501 2283 712 2354 undique
749 2297 807 2329 ne
829 2282 941 2344 quid
963 2284 1230 2335 imprudens
1253 2298 1439 2345 pecces,

57 2362 120 2395 ne
157 2362 342 2409 uspiam
379 2362 518 2395 ruens
554 2350 824 2420 impingas,
845 2363 903 2402 ne
945 2351 1020 2396 vel
1058 2348 1248 2409 publice
1284 2363 1435 2413 agen-

60 2413 157 2475 do,
195 2412 273 2463 vel
309 2413 564 2462 tractando
599 2414 858 2477 privatim,
897 2410 1115 2462 offendas
1171 2414 1298 2478 apud
1355 2429 1444 2475 po.

1291 2493 1378 2541 pu-
