1803 3076
165 285 675 339 EPISTOLARUM.
719 284 921 333 Lib.1V.
960 288 1044 351 Ep.
1080 292 1176 337 ΙΙΙ.
1275 308 1366 362 273

117 396 162 445 7.
201 384 378 430 lterum
415 393 464 432 te
497 396 618 440 oro,
656 381 819 429 Frater
841 382 1137 445 charissime,
1163 399 1218 436 ut
1253 392 1441 453 quosm

51 446 236 495 Indiam
270 449 296 494 ὲ
334 445 587 494 Societate
622 446 906 508 submittes,
943 446 1179 507 ejusmodi
1216 455 1440 516 virisint‚

49 509 129 573 qui
168 510 242 558 vel
278 512 418 574 pauci
456 526 633 573 magno
671 511 772 558 usui
822 528 923 561 esse
974 530 1160 576 queant
1196 553 1206 564 .
1245 521 1442 568 Etenim

51 579 160 622 cum
195 586 274 623 tot
307 575 400 624 sint
436 574 484 622 in
519 578 715 636 Europa
735 577 870 630 sedes
894 581 1154 629 Societatis
1177 614 1186 640 ‚
1209 582 1309 631 bini
1339 601 1439 633 cer-

47 641 95 691 te
132 641 390 700 quotannis
429 655 486 687 ex
524 640 718 705 singulis
756 641 1013 690 domiciliis
1063 646 1204 712 deiigi
1244 662 1444 711 possunt

50 703 110 754 ad
147 705 540 752 concionandum
581 707 715 764 nati,
754 708 834 769 qui
871 709 1101 775 exem-plo
1139 714 1290 761 etiam
1340 732 1441 763 ma·

51 769 122 832 gis
159 772 298 831 quam
335 771 559 819 doctrina
599 771 876 819 hominibus
910 775 1126 836 prosint,
1163 779 1441 829 Istiusmodi

50 848 179 879 enim
217 835 323 882 viris
365 835 500 883 lndia
556 834 632 883 vel
681 837 889 886 maxime
951 839 1175 905 indiget.
1231 847 1442 893 Patribus

53 897 225 945 isthinc
266 900 571 948 venientibus
608 902 855 965 praecipias
893 903 1075 964 velim,
1111 921 1170 954 ne
1207 925 1346 972 quem
1380 927 1441 959 ex

51 964 326 1011 vectoribus
366 966 413 1011 in
452 967 752 1014 Societatem
801 966 1042 1017 asciscant
1079 986 1088 1017 :
1128 988 1238 1021 nam
1291 975 1326 1022 si
1363 975 1442 1039 qui

50 1027 314 1076 asciscendi
351 1031 576 1076 essentin
601 1031 763 1091 India,
786 1045 839 1079 ut
859 1034 936 1080 hic
976 1034 1114 1082 bonis
1149 1037 1325 1088 litteris
1348 1055 1445 1088 stu-

52 1091 507 1154 derent3profecto
544 1094 574 1139 ii
611 1095 848 1144 duntaxat
886 1098 1190 1161 viderentur,
1213 1105 1291 1167 qui
1329 1122 1443 1167 prae-

50 1156 177 1205 clare
240 1157 382 1217 jactis
436 1159 671 1209 doctrinae
720 1162 1008 1226 virtutisque
1067 1163 1395 1218 fundamentis
1429 1203 1442 1229 ,

49 1222 142 1273 huc
177 1238 225 1271 se
260 1223 322 1275 ,ad
355 1222 843 1274 absolvendastudia
878 1226 1164 1279 conferrent
1196 1269 1208 1280 .
1250 1237 1438 1283 Multos

49 1289 164 1336 sane
200 1286 339 1336 isthic
377 1288 611 1352 Collegiis
648 1290 933 1352 excluditis,
972 1308 1094 1357 quos
1128 1297 1276 1345 satius
1314 1310 1439 1348 esset

47 1353 140 1400 huc
175 1353 455 1412 amandari,
493 1357 634 1417 quam
672 1357 749 1404 hic
785 1354 1016 1416 eiusmodi
1059 1360 1279 1410 homines
1315 1364 1433 1412 reci-

51 1415 97 1479 pi
133 1416 179 1463 in
219 1429 490 1467 nostrorum
530 1436 806 1483 numerum,
843 1422 924 1491 qui
959 1423 1122 1489 legere
1159 1428 1216 1484 &
1264 1430 1440 1478 scribe·

49 1498 101 1529 re
140 1485 328 1530 tantum
366 1485 553 1533 sciant,
1008 1491 1011 1493 ’

119 1550 161 1594 8.
199 1549 663 1599 Commodissimum
701 1564 866 1601 autem
903 1566 1057 1614 esset,
1082 1554 1256 1605 isthinc
1292 1557 1442 1606 nemi·

48 1626 189 1671 nem,
229 1613 307 1677 qui
345 1629 443 1661 non
481 1616 747 1664 studiorum
785 1635 970 1668 cursum
1007 1619 1314 1683 confecerit,
1349 1626 1442 1673 huc

49 1678 242 1738 venire3
282 1679 355 1726 hic
393 1678 576 1727 nulium
612 1684 813 1731 omnino
849 1686 1062 1733 adscribi
1118 1687 1164 1733 in
1220 1689 1444 1738 Societa-

45 1753 177 1801 tem,
229 1757 405 1804 praeter
456 1745 738 1805 domesticis
789 1751 1062 1800 muneribus
1116 1755 1410 1802 necessarios
1431 1774 1449 1802 .·

51 1809 177 1854 Nam
233 1808 306 1856 hic
358 1808 553 1872 quidem
610 1815 878 1864 studiorum
935 1816 1065 1864 ratio
1114 1816 1302 1867 lentum
1361 1835 1444 1867 ne-

51 1886 236 1936 gotium
263 1892 278 1922 :
331 1874 408 1937 qui
464 1877 707 1938 student,
757 1894 867 1941 post
901 1882 1081 1929 multos
1120 1884 1311 1932 demum
1359 1900 1445 1932 an·

44 1952 214 1985 norum
254 1938 498 1989 anfractus
535 1942 634 1997 apti
671 1958 812 1994 erunt
845 1948 905 1994 ad
941 1946 1207 1996 conciones
1261 1950 1444 1998 haben·

46 2002 127 2049 das
149 2037 159 2058 ἢ
182 2004 444 2052 audiendas
468 2006 822 2065 confessiones,
845 2013 1146 2062 Societatem
1165 2014 1222 2066 <Sc
1258 2014 1445 2079 indige-

47 2081 127 2114 nas
144 2066 392 2123 iuvandos
415 2071 461 2118 O
486 2071 546 2116 mi
571 2073 768 2124 Simon!
798 2080 932 2124 Deus
956 2093 1040 2125 nos
1063 2078 1109 2124 in
1131 2082 1324 2127 coelesti
1361 2095 1444 2141 pa-

46 2142 137 2178 traa
155 2134 567 2198 copulet2quando
585 2135 682 2195 ejus
699 2142 843 2189 causa
860 2143 983 2190 adeo
1001 2142 1218 2191 distracti
1238 2144 1446 2192 vivimus

48 2196 95 2242 in
114 2198 273 2244 terris.
296 2201 633 2265 Qamquam‚
657 2205 769 2268 quid
790 2206 822 2251 si
850 2222 934 2254 nos
957 2210 1004 2254 in
1029 2207 1247 2256 Sinarum
1289 2225 1440 2273 regno

38 2262 332 2317 revisamus?
373 2268 530 2315 Deum
576 2271 839 2317 Dominum
878 2284 1121 2331 nostrum,
1160 2289 1318 2335 quaeso
1355 2287 1441 2333 te,

41 2327 319 2387 sup-iliciter
354 2330 611 2392 deprecare
635 2365 645 2389 ‚
669 2346 721 2381 ut
742 2334 857 2382 mihi
894 2334 1182 2387 facultatem
1220 2340 1303 2385 det
1347 2338 1440 2386 iter

41 2388 89 2436 in
129 2392 261 2441 Sinas
295 2397 542 2458 aperiendi
590 2397 727 2460 aliis,
766 2401 993 2464 quoniam
1030 2419 1124 2471 ego
1171 2403 1270 2468 ipse
1324 2401 1443 2451 nihil

46 2455 169 2508 som.
204 2466 271 2508 ss.
744 2466 775 2514 S
1283 2483 1377 2534 ago
