1803 3076
211 303 730 363 EPISTULARUM.
770 302 870 352 tib.
903 305 983 354 1V.
1018 305 1103 369 Ep.
1139 307 1221 355 VI.
1305 305 1405 373 289

83 423 195 458 nem
222 438 235 464 ‚
271 401 517 459 obnoxie,
558 415 647 448 nec
681 399 884 462 syncere
917 438 931 462 ‚
966 398 1234 448 collaudari
1260 437 1273 450 .
1308 400 1474 452 Pueris

81 474 184 524 haec
220 481 304 517 aut
344 465 559 515 Novitiis
595 464 1218 514 conveniantzfortibusin
1260 468 1353 516 Dei
1385 469 1472 516 mi·

81 537 193 587 Ιιῑιὲι
229 533 402 582 fecerit
439 529 661 589 iniuriam
686 564 695 590 ,
719 532 796 594 qui
820 532 1126 592 parvulorum
1152 547 1236 580 eos
1272 548 1474 594 pascen-

85 603 171 648 dos
206 600 440 658 lacte,ac
477 597 612 645 molli
654 597 972 644 nutriciorum
1009 596 1328 662 indulgentia,
1360 613 1477 647 con-

81 663 327 715 fovendos
363 662 589 711 duxerit,
629 663 747 710 Non
784 662 1070 723 prius9rnihi
1107 664 1275 712 credas
1313 660 1476 726 velim,

80 729 307 793 expedivi
345 728 588 776 calamum
626 731 687 774 ad
726 728 826 774 haec
864 728 1107 777 exaranda
1142 742 1242 778 tam
1293 730 1478 793 simpli-

84 796 209 845 citer
244 810 301 843 ac
337 796 493 853 nude,
531 809 675 857 quarn
732 791 904 841 Divini
960 794 1161 855 Spiritsis
1215 794 1480 858 implorati

82 860 226 919 luce,
264 860 389 909 sensi
427 857 526 914 eius
564 857 814 920 impulsum
853 858 1141 908 incitantem
1179 861 1240 908 ad
1294 862 1480 909 auden-

86 929 199 974 dum
236 925 326 972 tibi
362 928 568 972 scribe-re
605 939 666 971 eo
702 924 833 986 stylo
871 939 966 987 quo
1004 941 1115 973 cum
1160 923 1388 990 perfectis
1426 926 1485 978 &

83 988 421 1038 inchoantium
456 1000 542 1036 aut
577 1003 745 1050 parurn
797 1002 1149 1051 provectorum
1198 991 1482 1041 debilitates

88 1055 431 1120 supergressis,
469 1055 710 1118 agendum
746 1065 845 1102 est.
882 1057 955 1103 Ac
991 1058 1228 1120 quoniam
1264 1072 1350 1119 per
1385 1053 1485 1104 Dei

85 1119 472 1170 misericordiam
511 1118 614 1165 cito
654 1117 702 1164 in
738 1117 911 1166 Gloria
949 1122 1162 1169 Paradisi
1203 1121 1480 1171 videbimus

90 1184 334 1242 invicem,
376 1183 574 1232 verbum
614 1198 712 1230 non
751 1183 955 1245 addam,
996 1198 1255 1250 postquam
1293 1200 1346 1235 te
1371 1201 1484 1234 ora-

89 1267 210 1299 vero
233 1269 253 1310 ‚·
292 1260 347 1297 ut
385 1264 574 1296 mernor
611 1263 668 1295 ac
704 1261 932 1310 reputans
968 1264 1153 1314 quanto
1191 1252 1264 1299 tui
1298 1265 1485 1311 amore,

89 1315 223 1373 cuius
259 1326 437 1367 testem
478 1316 637 1361 Deum
676 1314 864 1374 habeo,
901 1316 984 1363 has
1019 1317 1078 1363 ad
1114 1329 1164 1364 te
1198 1315 1366 1365 literas
1402 1316 1484 1363 de-

92 1379 386 1441 derim,pari
424 1391 474 1426 tu
513 1394 592 1426 eas
627 1378 873 1428 suavitate
910 1384 1063 1429 mutui
1100 1379 1307 1430 affectsis
1355 1379 1487 1428 exci-

91 1449 230 1511 pias;
266 1444 379 1492 illud
414 1443 543 1495 idem
579 1443 788 1508 legendo
825 1449 1230 1511 spectan5‚quod
1251 1462 1346 1513 ego
1374 1444 1490 1497 scri-

92 1512 256 1560 bendo
294 1509 549 1569 intuebar,
578 1509 670 1556 Dei
695 1509 899 1556 Domini
938 1512 1090 1560 nostri
1127 1511 1362 1569 maiorem
1382 1509 1490 1575 glo-

92 1576 243 1635 riam,
281 1576 338 1630 &
374 1572 523 1630 majus
563 1574 743 1621 bonum
783 1576 953 1624 animae
990 1589 1083 1625 tuae
1135 1577 1252 1625 mihi
1300 1574 1492 1626 carissi-

93 1658 213 1691 mae.
255 1640 403 1689 Vale,
442 1642 512 1688 Ex
550 1639 643 1687 hoc
680 1640 860 1687 Goano
901 1641 1130 1706 Collegio
1168 1645 1362 1692 Sanctae
1415 1639 1492 1688 Fi-

95 1708 204 1766 dei,
242 1708 333 1756 XI.
368 1703 596 1758 Kalendis
633 1703 809 1765 Aprilis
847 1707 991 1754 Anno
1028 1709 1494 1760 C13112L11.Hanc

95 1771 354 1838 epistolam
391 1770 616 1819 ostendes
654 1769 875 1819 Domino
910 1772 1276 1837 Proepiscopo.

232 1901 363 1954 Tuus
396 1899 443 1950 in
479 1899 675 1950 Christo
712 1901 905 1954 Frater.

1049 1971 1325 2018 franciscus
1350 2001 1365 2019 .

395 2096 949 2147 EPISTOLA
1016 2098 1192 2148 VII.

504 2227 556 2275 P.
593 2223 779 2274 Simoni
825 2224 1108 2276 Roderico.

188 2354 427 2404 Andream
464 2356 762 2405 Carvallium
798 2358 844 2405 in
867 2357 1162 2466 {Lusitaniam
1186 2358 1418 2406 remissum

659 2437 865 2470 commem
886 2435 935 2470 dt
951 2457 963 2470 ι

122 2483 245 2536 som.
280 2488 350 2540 ΙΙ.
847 2485 888 2534 Τ
1317 2486 1440 2535 Gra·
