1803 3076
402 287 490 338 >66
664 288 712 337 S.
746 283 1117 337 FRANCISCI
1150 282 1443 333 XAVERII

361 379 617 430 merabiles
651 379 877 439 insidias,
918 381 1044 428 inter
1078 378 1386 442 labyrinthos
1424 377 1754 428 irremeabiles

360 445 769 505 cavillationum,
807 444 1096 504 judiciorum
1127 459 1283 506 aestu,
1306 460 1363 491 ac
1399 446 1605 508 quadam
1642 444 1756 492 irre-

363 513 536 576 quieta
570 510 961 573 reciprocatione
999 510 1130 572 quasi
1173 510 1418 557 vorticum
1456 508 1759 570 Euripi,mi-

363 575 612 625 serrimam
651 576 871 639 quotidie
908 573 1065 621 aleam
1084 572 1244 631 jacere
1280 574 1467 621 statiis.
1490 588 1637 635 atque
1673 575 1761 621 ho-

362 639 493 690 noris
532 641 727 689 funesto
763 637 1022 702 naufragio
1060 639 1480 698 perdendi.Talia
1518 640 1757 686 disserens

315 727 317 729 ·
361 705 593 769 litigandi
631 704 921 769 pruriginem
962 703 1239 750 vadimonia
1294 703 1640 751 meditantibus
1676 719 1759 750 ex-

363 783 550 819 cuties:
589 769 754 817 multo
790 780 954 816 autern
991 765 1178 813 facilius
1214 769 1424 827 expertis
1460 765 1552 824 iarn
1584 770 1763 815 Praeto·

362 835 542 884 riOrum
580 849 781 892 auram,
806 830 1112 882 &tumultus
1152 831 1484 878 Tribunalium
1507 832 1723 894 pertaesis
1742 865 1756 891 ,

362 899 653 962 approbabis
708 897 967 945 consilium
1005 897 1066 943 ab
1118 895 1360 957 inchoatis
1411 897 1757 945 certaminibus

364 967 538 1027 sponte
577 962 875 1011 desistendi.
944 1014 951 1025 ,

426 1045 504 1093 43.
542 1027 655 1075 Scio
693 1029 937 1092 ingratum
973 1026 1067 1074 hoc
1105 1024 1318 1073 futurum
1357 1025 1568 1085 Scribis,
1593 1025 1760 1075 Advo-

363 1096 522 1152 catiS,
561 1094 617 1144 &
652 1093 838 1141 caeteris
893 1092 1138 1140 variorum
1186 1091 1433 1138 nominum
1469 1091 1766 1140 hirudinibus

361 1157 489 1220 fori,
528 1157 698 1220 quibus
737 1168 943 1220 quaestus
985 1156 1159 1221 ingens
1196 1167 1512 1217 comparatur
1562 1172 1621 1204 ex
1672 1155 1765 1204 fre-

364 1222 571 1288 quentia
607 1223 661 1274 &
696 1220 1013 1287 longitudine
1059 1236 1342 1269 causarum.
1380 1223 1451 1268 Tu
1491 1225 1610 1269 vero
1646 1220 1765 1269 isto-

365 1305 471 1337 rum
510 1288 568 1335 de
604 1299 653 1335 te
690 1288 783 1334 hoc
820 1287 1016 1333 nomine
1056 1285 1274 1350 querelas
1310 1287 1480 1347 partim
1539 1297 1762 1334 contem-

365 1370 456 1413 ne3
494 1351 668 1415 partim
706 1367 826 1415 quos
867 1350 1051 1412 poteris
1090 1353 1258 1397 horum
1308 1349 1398 1399 tuis
1453 1350 1633 1397 artibus
1681 1366 1765 1414 ag·

364 1417 873 1483 gredere‚deterrens
908 1418 935 1463 a
973 1415 1123 1462 noxio
1159 1414 1371 1463 artificio
1408 1415 1753 1463 trahendarum

361 1485 415 1532 in
451 1497 610 1531 moras
666 1479 1045 1530 interminabiles
1096 1479 1255 1527 litium
1286 1498 1299 1540 3
1336 1491 1439 1527 tum
1494 1480 1764 1528 admonens

362 1549 420 1597 de
457 1546 673 1610 periculo
712 1546 821 1607 ipsis
858 1545 1061 1614 instanti
1097 1557 1286 1592 aeternae
1324 1542 1577 1593 felicitatis
1612 1544 1756 1593 amit-

363 1614 555 1663 tendae:
579 1612 636 1663 &
672 1615 771 1675 quo
813 1622 963 1660 tantae
1001 1609 1069 1658 rei
1107 1608 1440 1672 prospiciant,
1465 1610 1675 1657 invitans
1695 1610 1756 1658 ad

365 1693 603 1726 secessum
640 1676 818 1724 dierum
855 1675 1049 1739 aliquot
1085 1673 1131 1722 in
1168 1676 1404 1725 asceticas
1457 1688 1760 1724 commenta-

365 1744 529 1792 tiones
565 1741 992 1803 expendendorum
1014 1775 1028 1789 .

433 1826 513 1873 44.
551 1806 767 1856 Haerebis
806 1806 1043 1854 Armuziae
1082 1805 1242 1867 quoad
1276 1806 1305 1854 a
1342 1821 1419 1854 me
1453 1804 1642 1853 litteras
1678 1819 1758 1853 ac-

367 1872 583 1935 ceperis,
620 1887 725 1935 quae
762 1870 964 1935 migrare
1018 1869 1118 1919 alio
1177 1870 1378 1928 iubeant
1412 1906 1423 1917 .
1461 1870 1648 1918 Scribes
1700 1869 1760 1918 ad

367 1953 446 1985 me
482 1953 567 1999 per
603 1951 753 1984 naves
793 1933 1025 1984 Armuzia
1063 1935 1310 1982 Malacam
1360 1936 1510 1983 ituras
1547 1970 1559 1997 ,
1595 1935 1762 1983 inscri-

368 2002 486 2051 bens
520 1999 803 2049 fasciculum
840 1999 1092 2049 Francisco
1130 2000 1366 2048 Perezio.
1403 2000 1534 2049 Volo
1586 2000 1644 2048 iis
1668 2000 1762 2061 ,lit-

364 2078 480 2116 teris
513 2065 795 2131 singillatim
833 2081 891 2112 ac
926 2065 1146 2124 minute,
1185 2064 1419 2128 quidquid
1455 2081 1616 2128 operae
1654 2079 1758 2126 pre-

365 2132 421 2181 tii
459 2148 518 2179 ex
556 2132 647 2179 tuis
684 2129 928 2179 laboribus
966 2129 1217 2188 extiterit,
1243 2144 1492 2191 exponas,
1515 2145 1594 2177 eas
1615 2131 1760 2177 Fran-

369 2198 520 2259 ciscus
557 2195 775 2244 Perezius
815 2195 1012 2243 Malaca
1049 2194 1096 2242 in
1130 2195 1374 2257 Japonem
1411 2195 1473 2241 ad
1508 2210 1585 2242 me
1621 2210 1758 2242 cura-

371 2263 474 2322 bit,
512 2262 549 2308 si
573 2260 720 2310 ‘cordi
761 2263 873 2308 Deo
909 2258 1056 2308 fuerit
1091 2275 1169 2307 me
1205 2259 1265 2306 ad
1303 2258 1401 2317 ejus
1435 2260 1627 2309 Divinae
1653 2261 1759 2306 Ma-

370 2325 562 2386 iestatis
597 2324 879 2389 obsequium
915 2325 975 2372 ad
1008 2326 1250 2387 Japonem
1288 2324 1491 2372 tendere
1512 2361 1523 2372 .
1544 2325 1594 2372 Si
1628 2328 1655 2372 a
1680 2339 1758 2372 me

373 2391 532 2455 spatio
569 2391 714 2441 trium
757 2406 995 2441 annorum
1041 2388 1193 2440 nullas
1238 2388 1427 2440 litteras
1478 2388 1755 2452 acceperiS,

1612 2465 1691 2503 to·
