1803 3076
231 306 710 363 EpisTOLARUM
732 304 861 353 .Lil⁷.
887 308 978 354 ΠΙ.
1007 304 1094 368 Ep.
1130 305 1259 353 XVI.
1330 322 1422 375 139

101 403 149 451 in
187 407 242 453 ea
280 403 533 452 functione
569 401 780 448 omisisse
817 402 947 464 quod
982 401 1043 450 ab
1079 402 1276 451 homine
1295 419 1489 468 gnavo,

104 468 368 527 industrio,
409 464 536 514 fideli
573 466 821 528 expectari
857 479 1055 530 posset.
1094 468 1168 514 Ita
1207 481 1333 515 enirn
1382 485 1498 530 pro.

102 533 259 594 spexit
293 530 557 579 rationibus
596 531 722 590 fisci,
769 532 838 580 ita
893 531 1284 598 negotiatoribus
1340 529 1493 594 favit,

102 593 231 653 jure,
268 597 370 644 sine
408 611 717 657 personarum
757 610 974 660 respectu
999 613 1055 645 ex
1088 613 1224 661 aequo
1260 597 1492 658 dicundo,

103 662 171 708 ita
205 661 412 725 denique
449 660 495 707 in
533 660 752 708 omnibus
787 678 836 709 se
870 664 1048 728 gessit,
1071 674 1124 708 ut
1142 659 1241 720 ejus
1279 662 1368 711 iste
1388 678 1492 710 ma-

98 730 322 789 gistratus
360 725 533 773 honori
569 727 694 788 apud
733 728 812 774 has
863 739 1033 793 gentes
1092 725 1342 786 Maiestati
1396 741 1494 776 tuae

102 791 276 846 fuerit,
313 793 489 854 quippe
527 805 636 837 cum
675 807 730 838 ex
772 793 866 840 hoc
915 791 1178 855 speeimine
1226 789 1498 851 judicantes

103 856 321 904 homines
360 854 507 918 vulgo
544 855 829 914 crederent,
868 869 918 904 te
954 856 1198 905 ministros
1251 858 1344 905 huc
1399 860 1497 912 lm·

102 920 222 983 perii
259 922 329 968 tui
366 918 484 968 tales
521 921 744 979 mittere,
785 937 902 984 quos
940 921 1195 969 virtutibus
1256 936 1360 984 quae
1408 919 1500 970 tibi

101 985 306 1033 maxime
331 986 676 1044 probarentur,
697 987 960 1050 quibusque
985 986 1084 1050 ipse
1104 987 1406 1048 abundares,
1427 985 1501 1035 in-

100 1063 169 1098 str
189 1062 460 1097 uctissimos
498 1064 672 1096 scires.

173 1132 214 1162 2.
258 1114 494 1176 Equidem
532 1113 597 1159 sic
632 1112 872 1173 arbitror,
900 1116 1089 1179 Regum
1126 1131 1183 1163 ac
1220 1116 1501 1180 Principum

102 1177 202 1227 late
241 1178 579 1240 imperantium
616 1178 662 1226 in
711 1193 771 1226 eo
826 1179 949 1228 verti
998 1180 1235 1243 gloriam,
1273 1185 1339 1241 si,
1378 1197 1499 1246 quas

101 1244 189 1304 ipsi
225 1259 308 1306 per
343 1258 390 1291 se
426 1243 765 1291 administrare
802 1260 901 1291 non
951 1257 1151 1305 possunt
1202 1261 1294 1293 suae
1351 1248 1499 1295 ditio-

102 1323 172 1355 nis
206 1320 392 1370 partes,
436 1307 489 1354 iis
527 1321 839 1356 committant
876 1323 1080 1371 quorum
1116 1307 1382 1358 existimari
1438 1311 1498 1358 si·-

104 1372 237 1420 miles
275 1373 531 1420 honestum
568 1372 676 1434 ipsis
713 1375 1050 1437 sit;quosque
1097 1373 1263 1437 populi
1300 1391 1407 1424 curn
1430 1375 1501 1423 vi-

107 1438 291 1496 derint,
330 1453 535 1501 cumque
594 1438 767 1497 fidem,
817 1437 1156 1502 gravitatem,
1209 1441 1499 1502 aequitatem

107 1502 317 1564 ipsorum
357 1519 439 1550 usu
478 1505 838 1564 perspexerint,
861 1504 1022 1552 studio
1047 1504 1257 1564 amplexi
1288 1502 1500 1565 fuerint,

104 1581 374 1629 expressam
412 1567 621 1630 effigiem
657 1569 853 1616 lauium
889 1584 945 1616 ac
983 1569 1215 1617 decorum
1262 1570 1500 1632 Principis

102 1632 312 1680 absentis
348 1633 395 1679 in
433 1633 742 1692 praesentibus
779 1633 839 1681 ab
875 1650 935 1681 eo
973 1633 1119 1682 missis
1157 1631 1256 1691 ejus
1282 1635 1501 1695 vicariis,

105 1710 330 1759 spectare
365 1697 453 1745 sibi
490 1712 547 1744 ac
583 1710 753 1747 tenere
791 1698 1074 1747 videantur.
1098 1701 1285 1746 Horum
1321 1700 1380 1748 de
1416 1716 1505 1749 nu·

102 1777 236 1809 mero
273 1778 327 1809 ac
363 1778 543 1827 genere
594 1764 786 1824 optimo
838 1763 1195 1822 ministrorum,
1238 1765 1317 1828 qui
1375 1781 1503 1813 surn-

100 1843 225 1875 mam
263 1826 349 1873 sibi
386 1826 634 1876 felicitatis
671 1841 861 1890 ponunt
898 1830 943 1875 in
982 1826 1202 1890 perfecte
1222 1831 1498 1893 obsequen-

104 1892 167 1939 do
208 1896 331 1956 Regi
368 1908 484 1950 suO,
527 1895 603 1940 vel
640 1893 852 1955 inprimis
891 1906 964 1941 est
1005 1897 1216 1944 Duartes
1255 1896 1505 1944 Barretus:

103 1957 198 2005 hoc
235 1957 431 2005 nomine
469 1956 637 2021 dignus
675 1974 816 2021 quem
857 1956 1089 2017 Maiestas
1125 1973 1207 2008 tua
1245 1975 1297 2008 re
1333 1976 1390 2007 ac
1430 1961 1503 2006 di-

103 2023 295 2089 gnitate
331 2035 528 2070 auctum
566 2022 721 2081 velit,
756 2020 1018 2086 cujusque,
1055 2023 1119 2071 ob
1166 2024 1359 2089 egregie
1409 2023 1501 2073 tibi

108 2101 164 2132 ac
201 2086 501 2149 Reipublicae
523 2100 753 2135 navatam
773 2104 991 2150 operam,
1015 2091 1352 2136 remunerandi
1374 2105 1504 2152 quae-

108 2151 278 2197 rendas
315 2151 598 2200 occasiones
635 2164 802 2214 putes.
832 2156 896 2201 Ea
931 2169 1034 2216 quae
1071 2154 1165 2202 dixi
1204 2167 1258 2202 ut
1293 2152 1497 2211 faceret,

106 2213 308 2262 mulium
332 2216 397 2261 illi
417 2215 633 2264 laborum
655 2219 1002 2266 exantlandum
1023 2214 1144 2279 fuit3
1167 2218 1329 2268 multae
1353 2220 1374 2274 (
1395 2233 1501 2280 quae

109 2279 253 2340 copia
292 2276 372 2327 hic
408 2281 735 2342 improborum
773 2295 848 2330 est
889 2286 910 2346 )
964 2285 1307 2332 contentiones
1354 2281 1501 2332 susci-

107 2343 326 2407 piendae,
364 2347 690 2407 certandaque
727 2347 995 2395 certamina
1026 2381 1037 2393 .

173 2425 217 2476 3.
254 2409 361 2457 Nec
396 2409 621 2474 imputari
657 2423 822 2472 potest
855 2412 904 2459 in
940 2412 1103 2460 locum
1138 2408 1326 2460 idoneae
1376 2426 1498 2461 mer·

1351 2490 1433 2526 CC·-
