1803 3076
423 252 508 317 ‚75
666 253 715 301 S.
749 254 1111 312 FRANCISCI
1163 261 1457 314 XAVERII

369 347 532 397 ficium
568 345 761 411 iudico,
799 362 854 397 ut
888 365 988 397 non
1025 350 1244 400 dubitem
1281 350 1502 407 adiurare
1539 373 1657 419 vos,
1696 360 1754 414 ὅτ

372 414 470 462 Dei
513 415 712 462 Domini
750 415 901 462 nostri
939 417 994 467 ὃς
1035 417 1185 465 Patris
1224 420 1401 480 Ignatii
1444 425 1763 483 nomine‚ne

372 482 436 526 ad
471 495 704 527 summam
740 478 840 536 ejus
891 478 1128 530 alacriter·
1168 484 1429 532 exhibendi
1468 519 1479 545 ‚
1518 489 1764 539 cumulate

372 542 696 609 defungeirii,
735 544 1066 607 diligentiam,
1103 545 1279 609 reliqui
1315 551 1450 598 vobis
1496 553 1763 618 quidquam

373 612 593 658 extrema
630 621 952 657 contentione
991 608 1179 658 faciatis
1204 645 1217 658 .

470 677 518 722 6.
569 676 638 722 Te
692 676 812 720 vero
864 674 1055 734 proprie
1109 678 1239 737 quod
1293 680 1475 728 attinet
1506 712 1516 733 ,
1553 697 1678 748 rogo
1714 699 1762 733 e-

371 737 492 788 tiam
541 754 688 802 atque
724 737 871 786 etiam
905 769 916 796 ,
972 740 1133 785 Frater
1165 770 1179 797 ,
1215 755 1269 789 ut
1317 744 1560 792 continuis
1594 750 1641 795 in
1666 752 1758 797 vir-

368 816 527 852 tutem
575 801 871 863 profectibus
921 817 1165 849 accrescas
1209 838 1222 865 ,
1279 808 1507 869 exemplo
1565 812 1756 861 cunctis

370 868 634 931 praelucens
669 866 900 924 salutari,
937 867 1007 914 uti
1042 882 1232 929 semper
1282 873 1515 921 hactenus
1572 874 1764 937 fecisti,

373 933 561 979 nullam
601 932 662 979 ad
697 947 774 979 me
809 931 1047 979 scribendi
1086 933 1215 981 elabi
1265 937 1576 986 occasionem
1611 942 1768 990 sinas.

368 997 597 1059 Expecto
633 1011 798 1046 autem
835 996 1054 1058 copiosas
1090 997 1278 1047 litteras
1302 1018 1403 1065 quae
1426 1003 1767 1057 multaiucun-

373 1063 433 1110 da
471 1064 526 1109 de
568 1075 616 1109 te
654 1065 902 1121 doceant3
940 1063 1000 1109 de
1037 1060 1217 1112 familia
1251 1067 1341 1116 hac
1394 1067 1616 1121 universa
1648 1103 1660 1131 ‚
1699 1073 1758 1121 de

369 1127 693 1175 consensione
730 1128 928 1186 mutua,
967 1126 1214 1177 individua
1252 1143 1300 1178 te
1337 1132 1464 1181 inter
1499 1136 1554 1185 <31
1592 1142 1751 1194 Anto-

370 1193 501 1240 nium
538 1194 829 1241 Gomezium
866 1192 1103 1250 caritate,
1141 1193 1199 1240 de
1236 1195 1431 1260 singulis
1482 1213 1759 1251 nostrorum

370 1257 626 1305 Comorini
662 1256 1051 1318 promontorium
1078 1258 1417 1308 excolentibus
1437 1294 1448 1320 ,
1468 1263 1526 1311 de
1551 1267 1758 1328 Cypria-

371 1336 438 1369 no
467 1321 733 1382 Meliapore
753 1332 979 1385 degente,
999 1324 1057 1369 de
1081 1323 1230 1370 Sociis
1254 1341 1372 1386 quos
1396 1341 1540 1375 naves
1563 1331 1657 1378 hoc
1677 1347 1763 1380 an-

369 1402 435 1434 no
471 1392 496 1435 e
534 1388 706 1450 Regno
742 1386 1006 1448 appulsurae
1044 1403 1390 1448 exposuerint:
1424 1391 1505 1454 qui
1542 1394 1596 1446 ἃ
1633 1407 1757 1459 quot

369 1452 417 1497 in
455 1451 507 1497 iis
543 1450 638 1498 sint
674 1452 859 1498 dicendi
896 1458 955 1497 ad
1006 1451 1234 1512 populum
1289 1455 1461 1521 insigni
1514 1454 1758 1510 facultate

367 1514 586 1578 praejiti„
625 1515 703 1578 qui
745 1516 1035 1563 Sacerzlotio
1071 1517 1278 1577 initiati,
1316 1525 1391 1585 qui
1431 1523 1566 1572 Laici
1607 1561 1620 1574 .
1654 1528 1756 1575 Ge-

369 1596 484 1627 nera
521 1580 690 1628 horum
730 1581 1250 1645 distingui,numerum
1286 1600 1342 1632 ac
1380 1590 1564 1648 species
1600 1607 1754 1654 appo-

370 1660 450 1702 ni,
490 1646 718 1702 nomina,
757 1646 1100 1700 dote5‚vires,
1128 1662 1426 1713 virtutesque
1462 1654 1762 1718 singulorum

367 1708 471 1758 fuse
511 1711 735 1769 perscribi
770 1710 996 1772 postulo.
1035 1709 1186 1770 Hujus
1225 1717 1294 1762 tui
1333 1733 1520 1766 mecum
1557 1720 1761 1769 literarii

367 1775 650 1822 commercii
687 1775 790 1822 duae
827 1775 994 1823 saltem
1036 1776 1121 1823 viae
1158 1782 1290 1828 certe
1326 1786 1632 1844 suppetent&
1669 1790 1760 1834 So·

368 1838 441 1886 let
476 1839 602 1887 enim
638 1839 705 1886 bis
741 1842 998 1901 quotannis
1050 1843 1188 1890 navis
1224 1845 1352 1909 regia
1386 1850 1498 1898 Gna
1534 1850 1722 1900 solvere
1748 1884 1763 1914 9

371 1905 642 1964 Septembri
679 1905 870 1967 quidem
912 1906 1123 1954 Bandam
1160 1923 1328 1970 petens
1363 1914 1551 1975 ;Aprili
1586 1928 1754 1966 autem

368 1967 429 2016 ad
471 1967 782 2017 Molucenses
822 1970 1002 2017 Insulas
1039 1988 1225 2021 cursum
1261 1977 1549 2027 intendens.
1586 1982 1682 2029 Sed
1704 1999 1759 2031 u-

369 2043 542 2094 traque
578 2032 737 2080 obiter
770 2035 971 2099 attingit
1006 2037 1268 2087 Malacam
1295 2041 1376 2088 ubi
1411 2056 1577 2093 noster
1613 2047 1756 2095 Fran-

369 2095 522 2143 ciscus
558 2098 780 2145 Perezius
817 2100 1002 2148 litteras
1039 2103 1152 2150 mihi
1202 2105 1451 2167 inscriptas
1507 2109 1752 2173 accipiet,

371 2162 429 2211 ὅτ
463 2177 562 2208 non
598 2161 832 2211 defuturis
867 2168 1301 2218 commoditatibus
1336 2174 1470 2221 recte
1490 2177 1550 2222 ad
1586 2191 1662 2223 me
1697 2176 1748 2225 in

369 2226 614 2288 Japonem
652 2227 875 2277 curabit.
915 2232 1037 2287 Fac,
1074 2234 1249 2282 amabo
1285 2247 1336 2283 te
1372 2269 1384 2295 ,
1419 2239 1543 2288 hanc
1578 2239 1668 2289 tibi
1719 2245 1751 2292 ἐι

370 2305 449 2338 me
485 2289 703 2339 relictam
741 2293 955 2344 abeunte
990 2297 1205 2346 chartam
1240 2301 1390 2349 semel
1426 2306 1596 2367 quavis
1636 2306 1755 2354 heb-

371 2355 585 2406 domade
618 2356 834 2425 relegaS‚
852 2371 905 2411 ut
925 2360 994 2410 sic
1032 2377 1134 2414 non
1168 2367 1360 2417 tantum
1379 2383 1598 2421 meorum
1604 2385 1750 2485 gnan-

1638 2451 1689 2486 a-
