1803 3076
139 281 1220 346 ENSTOLARUM.Lib.1V.Ep.XXXV1.
1270 302 1376 356 439

56 381 371 432 memorabile
406 378 650 443 quippiam
688 377 817 426 circa
866 378 1115 427 Sinensetn
1170 380 1295 427 hanc
1350 396 1438 428 no-

52 463 200 497 stram
239 446 605 507 expeditionem
641 459 996 515 successurum,
1036 445 1122 490 nisi
1178 444 1315 492 Deus
1362 461 1441 492 su-

54 530 108 576 pr
94 529 139 559 a
177 514 433 558 humanam
469 509 716 570 expectati
724 524 867 556 onem
906 509 1088 573 aliquid
1125 509 1170 555 vi
1226 511 1309 558 sua
1367 525 1444 556 su·-

57 592 220 638 prema
255 573 463 623 fecerit:
490 590 588 622 non
624 590 710 622 scr
702 574 781 620 bo
817 575 892 621 hic
928 575 1038 636 quid
1075 573 1274 621 interius
1311 572 1442 622 circa

56 644 152 690 hoc
185 641 427 687 sentiam.
456 639 664 686 Tantum
703 638 814 686 dico
852 639 978 687 male
1015 651 1232 688 metuere
1251 654 1442 698 me‚ne

55 709 192 754 Deus
228 703 386 752 acerbi
394 718 501 752 ores
539 705 693 752 multo
728 705 866 774 quam
917 704 1148 765 opinatur
1181 736 1195 763 ‚
1244 706 1304 752 ab
1354 704 1444 752 illo

57 785 224 834 poenas
263 773 413 832 porro
448 781 677 831 repetat,
712 783 803 815 nisi
841 770 892 820 ὃ(
931 785 1024 828 iam
1063 769 1271 831 coeperit
1302 784 1441 832 repe-

62 848 199 884 tere·

127 919 173 963 5.
210 902 246 947 E
282 901 427 947 Freto
450 897 785 961 Sincapurano
821 897 984 960 scripsi
1024 896 1124 948 fuse
1143 898 1204 946 ad
1223 908 1300 958 te,
1324 913 1445 948 con-

58 965 255 1027 fidoque
292 964 396 1010 illas
435 963 595 1011 literas
631 967 762 1013 recte
812 964 1061 1036 perlatas·
1098 965 1271 1027 quippe
1325 977 1449 1026 quas

58 1032 207 1078 homo
244 1029 362 1076 fmus
399 1029 659 1089 portandas
695 1031 934 1088 receperit
974 1028 1176 1076 Manuel
1213 1032 1271 1077 de
1322 1031 1448 1078 Fon·

57 1110 199 1152 seca,
239 1092 438 1139 famulus
477 1093 682 1140 Antonii
721 1093 900 1158 Pegadi
945 1128 956 1139 .
1006 1096 1084 1141 De
1138 1095 1255 1141 meis
1305 1095 1450 1142 rebus

59 1160 188 1222 quod
225 1173 351 1205 nunc
365 1154 640 1204 scriberem
679 1158 810 1205 aliua
851 1173 950 1204 non
985 1159 1245 1216 erat,nis'1
1297 1161 1443 1207 modo

59 1221 364 1271 convaluisse
397 1237 474 1270 me
510 1224 535 1269 ὲ
575 1220 706 1269 tebre
747 1223 929 1270 dierum
967 1222 1273 1283 quindecim.
1312 1224 1450 1272 Plura.

58 1288 207 1345 scies,
242 1287 279 1334 si
315 1286 566 1351 negotium
606 1286 752 1334 Sinici
789 1285 1018 1345 trajectus
1064 1302 1252 1334 cursum
1307 1304 1448 1337 suum

65 1352 289 1412 tenebit,
326 1351 475 1399 literis
514 1367 629 1414 quas
666 1352 728 1398 ad
764 1365 813 1400 te
849 1353 1449 1413 copiosasCantonescri-

65 1431 172 1479 ptas
207 1417 396 1466 tradam
436 1415 654 1464 Manueli
692 1417 750 1464 de
776 1418 999 1474 Chaves
1038 1432 1150 1463 cum
1186 1415 1449 1481 aliisaeque

70 1482 270 1544 prolixis
304 1482 362 1528 ad
398 1482 664 1529 Dominum
704 1485 926 1546 Regem.
966 1482 1014 1530 Si
1053 1482 1154 1544 quis
1189 1498 1266 1530 me
1314 1497 1452 1531 casus

66 1562 149 1619 spe
186 1545 418 1602 dejiceret
453 1546 566 1618 ista,
605 1544 753 1594 offert
789 1562 905 1595 ecce
942 1546 1056 1594 mihi
1090 1548 1301 1609 Jacobus
1354 1550 1451 1596 Va-

63 1611 166 1660 zius
204 1615 487 1682 Aragonens
498 1613 531 1658 is
568 1610 824 1671 benignam
872 1613 1063 1674 copiam
1117 1612 1451 1677 navigationis

65 1692 257 1735 secum,
293 1690 514 1740 cogitans
552 1675 713 1722 Sionis
752 1681 1022 1740 Regnum,
1060 1681 1157 1739 quo
1211 1690 1282 1726 est
1336 1677 1448 1726 vela.

62 1739 277 1789 facturus
313 1753 482 1802 empto
521 1741 579 1786 ad
602 1740 648 1787 id
670 1756 778 1788 nav,
787 1758 865 1804 gio
889 1742 1095 1789 Sinensis
1113 1740 1306 1802 formae,
1328 1758 1447 1805 qua-

63 1805 129 1853 lia
163 1807 346 1868 Juncos
381 1805 590 1853 solemus
626 1805 901 1868 appellite.
925 1807 1188 1854 invitatad
1223 1808 1315 1855 hoc
1332 1822 1454 1855 con·

63 1870 251 1929 silium,
289 1871 421 1932 quod
457 1871 719 1918 occasione
755 1870 1013 1936 legationis
1052 1873 1328 1932 sionensis,
1351 1873 1454 1919 adi-

64 1947 141 1982 tus
175 1934 302 1983 forte
339 1935 419 1983 via
457 1935 538 1982 illa
574 1934 716 1996 pandi
766 1950 926 1996 posset
977 1936 1147 2000 aliquis
1200 1938 1260 1985 ad
1316 1938 1456 1984 Sinas

65 2001 123 2050 ὃ(
158 2002 469 2056 Catonem,
508 2001 631 2046 unde
668 2001 876 2049 scribere
913 2002 973 2048 ad
1010 2011 1059 2049 te
1109 2014 1194 2072 pet
1245 2003 1451 2049 Manue-

64 2064 162 2112 lem
200 2066 492 2113 Chavesium
529 2063 734 2112 liceret.
772 2069 888 2113 Haec
926 2081 1001 2113 me
1049 2066 1294 2138 cogitatio
1344 2077 1458 2113 tan-

68 2142 172 2175 tum
210 2129 395 2177 allicit
417 2143 470 2176 ut
489 2129 814 2190 propendeam
851 2132 1079 2193 equidem
1118 2147 1164 2178 in
1202 2132 1345 2179 istam
1367 2146 1454 2178 na-

71 2193 376 2256 vigationem
417 2193 739 2242 Sionensem:
779 2210 929 2257 quare
966 2209 1085 2257 peto
1119 2213 1148 2244 a
1181 2207 1231 2244 te
1262 2228 1276 2255 ,
1313 2209 1366 2244 ut
1417 2194 1455 2243 si

69 2273 212 2319 quam
246 2259 386 2308 isthic
438 2258 748 2306 occasionem
801 2259 1088 2309 nancisceris
1136 2262 1456 2309 commodam

65 2322 227 2370 literas
262 2323 308 2369 in
346 2325 568 2388 Regnum
617 2323 771 2370 Sionis
822 2326 1181 2374 transmittendi
1216 2358 1228 2386 ‚
1267 2342 1327 2374 ne
1378 2325 1453 2387 pi-

68 2403 214 2452 greris
250 2388 310 2436 ad
344 2404 421 2437 me
421 2364 570 2436 illuc
605 2389 843 2449 scribere,
881 2392 994 2454 quid
1043 2390 1233 2439 consilii
1284 2406 1468 2450 coepem

655 2455 824 2521 Ee4
1331 2458 1392 2504 tis
