1803 3076
221 277 857 339 EPISTOLARUM.Lib.
892 278 988 326 111.
1022 277 1110 339 Ep.
1144 254 1255 325 Vn.
1323 288 1386 342 39

387 437 933 488 EPISTOLA
1003 437 1119 485 VII.

68 575 120 621 Ρ.
152 568 354 634 Gaspari
391 571 590 618 Barzaeo
612 567 722 614 Soc.
740 567 787 630 J·
813 566 1084 616 Armuziam
1102 560 1453 628 proficiscenti.

91 699 300 766 Perfecta
337 702 434 747 viri
471 700 720 761 Apostolici
743 697 934 763 forma,
971 711 1015 746 et
1047 695 1218 762 agendi
1252 699 1399 744 ratio.

70 826 325 944 1.Ante
362 826 528 876 omnia
561 826 629 875 tui
649 840 901 876 memento
923 859 933 885 ,
955 830 1070 879 Deo
1090 826 1326 889 primum,
1354 836 1452 874 tuae

258 895 425 941 deinde
447 893 753 942 conscientiae
775 892 1073 941 satisfaciens
1093 924 1108 941 .
1124 891 1210 942 His
1231 891 1359 939 enim
1381 906 1456 939 re-

66 963 144 1017 cte
184 959 406 1021 tangenti
442 956 612 1006 officiis
666 960 880 1014 duobus,
933 974 1085 1020 prona
1135 956 1334 1005 facultas
1385 953 1456 1003 af-

66 1027 185 1073 fluet
222 1025 486 1080 iii-sentium
524 1026 548 1070 ὲ
584 1024 914 1094 proximorum
967 1023 1133 1070 animis
1187 1021 1454 1070 eliciendo-

67 1107 185 1137 rum
208 1086 518 1150 prolectuum
553 1122 564 1134 .
601 1089 654 1135 In
707 1087 972 1135 ministeria
1025 1087 1222 1136 humilia
1278 1084 1353 1133 fac
1406 1099 1458 1134 te

68 1170 165 1202 sem
174 1169 254 1214 >er
291 1152 534 1214 quoddam
573 1152 732 1202 studio
770 1165 1120 1216 exaggeratum
1159 1152 1291 1216 quasi
1334 1166 1458 1212 pon·

75 1219 156 1266 dus
208 1218 409 1265 inchoet
445 1248 455 1258 -
512 1216 597 1264 His
651 1217 778 1263 enim
832 1228 883 1264 te
936 1232 1203 1274 exercens,
1241 1216 1459 1276 parabis,

32 1341 38 1347 ι
69 1282 361 1346 augebisque
400 1281 743 1330 demissionem
766 1280 942 1338 animi
963 1297 1110 1345 quare
1132 1281 1460 1329 neminicorn-

71 1349 261 1401 mittas
300 1347 378 1395 sed
411 1361 495 1407 per
532 1359 579 1395 te
617 1346 764 1394 obeas
800 1362 1011 1404 censeo,
1034 1345 1232 1393 minime
1270 1344 1462 1403 specio·

73 1428 170 1459 sam
209 1412 587 1475 occupationem
646 1410 921 1459 inculcandi
975 1414 1220 1459 memoriae
1267 1410 1458 1458 rudium

69 1478 319 1525 orationes
356 1492 470 1541 quas
507 1488 675 1526 tenere
712 1489 876 1525 mente
897 1475 1158 1525 Christiani
1195 1479 1464 1524 omnesde-

67 1543 214 1590 bent.
252 1546 352 1591 Has
394 1541 623 1590 verbatim
673 1541 995 1589 ediscentibus
1052 1541 1297 1604 patienter
1350 1539 1466 1604 praei

72 1607 177 1655 filiis
212 1608 267 1658 ὅτ
304 1607 349 1654 fil
356 1607 486 1654 iabus
525 1606 894 1666 Lusitanorum,
895 1619 1012 1654 tum
1049 1607 1331 1655 eorumdem
1368 1621 1464 1653 ser-

75 1674 144 1718 vis
179 1672 488 1736 ancillisque,
511 1677 759 1733 postremo
799 1639 1138 1737 indigenarum
1175 1671 1367 1720 liberis,
1406 1669 1464 1718 Id

74 1739 154 1800 qui
191 1749 241 1784 te
277 1753 420 1803 agere
458 1737 626 1785 sedulo
664 1737 898 1796 viderint,
938 1736 1070 1784 omni
1108 1735 1334 1799 profecto
1389 1750 1465 1783 ar-

73 1803 298 1866 rogantia
349 1802 624 1864 suspicione
660 1802 954 1860 absolvent3
991 1813 1263 1866 tantoque,
1300 1815 1357 1848 ut
1385 1810 1461 1848 est

78 1846 239 1929 pellax
277 1869 338 1915 ad
374 1867 754 1916 aestimationem
789 1867 955 1929 opinio
992 1868 1276 1925 modestiae,
1308 1877 1358 1914 te
1396 1863 1465 1912 di—

74 1932 293 1996 gniorem
330 1930 614 1989 iudicabunt
649 1949 723 1981 cui
759 1947 807 1980 se
845 1933 1091 1980 docendos
1111 1949 1214 1996 qnae
1237 1932 1468 1997 ignorant

73 1998 133 2044 de
168 1998 452 2046 Christianae
491 1997 758 2056 Relioionis
797 1997 1034 2060 mysteriis
1059 1997 1336 2052 nraebeant.

143 2078 185 2111 2.
222 2065 457 2124 Pauperes
496 2062 541 2109 in
599 2062 993 2124 Prochotrophiis
1047 2063 1103 2113 &
1153 2059 1470 2110 Nosocomiis

77 2127 248 2175 crebro
284 2128 487 2187 invises,
507 2128 562 2180 ὅτ,
598 2128 801 2176 subinde
839 2127 1177 2176 ad'nortaberis
1213 2126 1273 2175 ad
1309 2124 1463 2174 ratio-

81 2207 161 2238 nes
197 2206 303 2239 cnm
340 2208 423 2240 sua
459 2191 688 2255 cujusque
725 2191 1030 2241 conscientia
1067 2192 1348 2262 ponendas3
1385 2205 1470 2237 ex-

81 2255 284 2304 citando
319 2257 445 2317 ipsos
483 2259 542 2305 ad
580 2256 779 2305 confess
777 2273 938 2310 ionem
987 2258 1043 2309 &
1098 2255 1471 2318 perceptionem

81 2320 392 2369 Eucharistiae
429 2354 439 2373 2
492 2339 689 2385 quarum
725 2322 806 2369 illa
841 2336 1045 2385 peccata
1084 2322 1248 2369 deleat
1302 2331 1469 2382 praete·

81 2384 207 2442 rita,
243 2386 343 2434 haec
377 2399 633 2448 praeservet
668 2392 694 2437 ὲ
733 2386 944 2438 futuris:
979 2386 1130 2436 ambae
1169 2401 1304 2437 veras
1356 2399 1471 2433 cau-

730 2453 775 2500 C
807 2470 842 2518 4
1335 2465 1408 2501 sas
