1803 3076
403 273 500 330 372
645 255 695 306 S.
730 252 1092 305 FRANCISCI
1127 252 1421 303 XAVERII

319 352 479 403 tinere
516 349 766 400 hominurn
800 364 980 414 genera
1016 348 1525 413 constiterit‚quibus
1559 350 1720 398 nomi-

317 419 478 468 natim
514 429 658 480 pater
694 418 910 479 Ignatius
947 414 1096 462 nostri
1135 415 1314 463 ordinis
1352 416 1541 462 aditum
1560 415 1720 463 voluit

319 499 510 547 semper
546 496 647 530 esse
685 489 1020 540 obstructum3
1056 495 1296 542 quorum,
1330 492 1384 527 ut
1419 479 1538 540 scis,
1575 496 1724 528 unum

320 546 742 608 est,trahentium
780 544 1017 607 originem
1054 549 1082 593 a
1117 558 1266 608 gente
1302 547 1579 608 Judaeorurn
1602 580 1611 590 .
1636 548 1723 592 At-

324 617 475 663 tende
528 623 763 674 praeterea
801 625 860 656 ne
898 624 1043 672 quem
1095 611 1325 657 admittas
1380 626 1479 658 non
1530 613 1724 675 egrege

323 680 551 727 dotatum
588 673 904 722 facultatibus
939 674 999 721 ad
1033 689 1133 721 rem
1185 675 1307 724 bene
1356 678 1624 739 gerendam
1674 678 1723 722 in

319 743 482 806 aliqua
518 754 657 805 parte
695 739 999 803 propriorum
1038 739 1254 786 instituti
1301 743 1452 787 nostri
1508 741 1727 788 ministe-

323 809 535 867 riorum,
571 804 960 853 accommodatis
984 839 993 850 .
1017 803 1065 852 Si
1103 812 1223 853 vero
1258 801 1473 852 funditus
1508 807 1646 854 rudes
1668 804 1725 852 li-

319 887 535 923 terarum
570 872 700 930 sint,
736 885 998 932 utcumque
1035 869 1259 931 polleant
1295 869 1525 935 ingenio,
1562 869 1722 933 inspi-

321 937 523 988 rituales
560 937 810 1000 operarios
849 936 1048 983 adscisci
1086 934 1229 997 plane
1268 948 1425 984 veto:
1477 952 1593 999 quin
1647 933 1730 982 ubi

324 1005 623 1066 exceptione
660 1001 937 1051 carentium
974 999 1243 1049 multitudo
1280 1015 1329 1048 se
1381 1013 1590 1066 oggeret
1624 1032 1633 1058 ,
1673 1013 1730 1048 tu

327 1082 498 1119 tamen
535 1068 726 1117 turbam
766 1067 895 1115 vita.
931 1069 1113 1115 Paucos
1151 1081 1210 1112 ex
1248 1064 1459 1129 pluribus
1494 1099 1504 1125 ,
1557 1065 1732 1129 dignis-

328 1136 474 1183 simos
511 1135 537 1182 ὲ
574 1133 727 1199 dignis
766 1146 1030 1194 excerpens
1069 1130 1251 1195 selige,
1288 1146 1376 1192 pro
1414 1146 1620 1179 numero
1659 1131 1732 1178 lo-

330 1214 501 1248 corum
537 1200 594 1250 -&
633 1213 916 1256 munerum,
954 1195 1120 1244 habita
1157 1197 1296 1243 simul
1350 1195 1542 1244 ratione
1597 1211 1734 1243 casu-

333 1281 416 1313 um
453 1265 743 1329 contingere
779 1261 1140 1321 solitorum3ut
1161 1276 1251 1308 nec
1289 1260 1446 1309 desint
1483 1276 1603 1324 quos
1622 1261 1734 1308 mit-

329 1343 405 1379 tas
443 1343 751 1393 quocumque
787 1342 860 1374 res
899 1339 1079 1381 vocat,
1117 1327 1170 1376 δι
1208 1326 1415 1385 morbo,
1470 1337 1554 1373 aut
1603 1341 1735 1373 mor-

331 1407 384 1445 te
419 1394 762 1443 deficientibus
799 1391 1093 1451 substituas;
1131 1406 1220 1439 nec
1259 1402 1424 1439 tamen
1477 1390 1731 1439 abundent

330 1459 514 1519 otiosi,
555 1470 640 1506 aut
679 1460 884 1505 numero
921 1458 1137 1504 Domum
1173 1469 1415 1520 gravent.

397 1540 470 1591 13.
507 1522 790 1573 Promoveri
827 1525 886 1569 ad
906 1520 1249 1570 Sacerdotium
1275 1522 1532 1570 Sociorum
1567 1536 1732 1585 quem-

325 1606 476 1656 quam
514 1604 614 1638 non
651 1587 767 1636 satis
804 1587 1088 1646 literatum,
1130 1587 1184 1638 δε
1221 1603 1407 1637 morum
1447 1585 1734 1636 innocentia

329 1672 416 1704 usu
455 1654 662 1718 plurium
699 1669 936 1701 annorum
973 1652 1164 1701 abunde
1214 1652 1422 1715 probata
1473 1651 1731 1714 conspicu-

333 1737 440 1780 um:
483 1721 856 1783 haudquaquam
895 1717 1467 1780 sines;quandoquidern
1502 1716 1550 1764 id
1588 1728 1729 1779 pater

329 1785 555 1851 Ignatius
591 1799 694 1832 tarn
730 1783 904 1832 diserte
942 1781 1212 1844 prohibuit,
1239 1784 1294 1834 &
1331 1782 1366 1828 si
1403 1793 1594 1831 taceret
1634 1781 1729 1840 ille,

331 1866 407 1900 res
442 1850 542 1912 ipsa
578 1847 797 1913 loquitur
824 1847 1099 1910 :tristisque
1135 1849 1413 1896 recordatio
1450 1848 1730 1896 incommo-

331 1916 503 1963 dorum
540 1930 646 1978 quae
683 1929 743 1962 ex
779 1915 873 1962 hoc
908 1910 1052 1961 fonte
1089 1925 1198 1960 orta
1247 1911 1531 1976 gravissima
1582 1911 1730 1959 sensi-

330 1996 469 2040 mus,
508 1980 754 2028 deterrere
789 1978 847 2026 ab
885 1993 945 2026 eo
982 1993 1070 2024 nos
1107 1978 1219 2025 satis
1256 1979 1436 2027 debet.
1459 1980 1633 2040 Neque
1656 1975 1729 2024 fu-

333 2062 445 2095 cum
481 2044 571 2093 tibi
612 2043 765 2093 faciat
799 2059 909 2105 spes
945 2042 1133 2091 eximiae
1169 2042 1416 2108 religionis
1465 2042 1513 2090 in
1568 2041 1732 2091 idiota

335 2113 593 2171 eminens;
629 2108 762 2175 quasi
800 2111 858 2159 ea
909 2108 1215 2171 compensari
1268 2107 1506 2156 doctrinae
1558 2106 1730 2155 defec-

334 2188 411 2225 tus
449 2189 598 2240 queat
623 2192 633 2222 :
658 2190 767 2221 nam
807 2178 888 2222 has
924 2189 1029 2236 spes
1067 2185 1270 2222 eventus
1308 2189 1409 2221 non
1446 2175 1554 2220 raro
1590 2187 1729 2221 coar-

336 2245 477 2308 guit,
515 2240 854 2289 occasionibus
890 2238 1078 2287 larvam
1128 2237 1522 2296 excutientibus,
1562 2238 1618 2288 &
1665 2236 1735 2284 fe-

336 2311 386 2356 re
421 2307 479 2353 ad
515 2318 787 2354 extremum
826 2319 1127 2368 unoquoque
1192 2319 1241 2351 se
1291 2303 1443 2352 talem
1489 2304 1731 2364 prodente

336 2370 490 2438 qualis
527 2386 696 2421 revera
732 2384 1008 2436 est:quare
1045 2372 1276 2434 lynceum
1311 2382 1362 2421 te
1401 2368 1546 2420 velim
1570 2367 1732 2438 inpe-

1595 2446 1668 2481 ni-
