1803 3076
374 298 473 353 226
638 291 685 343 S.
717 292 1083 343 FRANCISCI
1117 291 1408 342 XAVERII

311 400 498 436 certare
537 398 792 449 coeperunt
840 386 1085 435 universi.
1118 390 1189 437 Ac
1224 389 1475 451 permirum
1513 398 1614 447 est,
1650 387 1701 436 in
1764 391 1768 393 ’

315 466 416 502 tam
457 453 616 513 ampla
650 451 852 499 civitate
889 453 1109 500 omnibus
1147 455 1193 500 in
1228 454 1369 504 tectis
1406 451 1600 500 aclocis
1628 453 1697 500 di-

311 518 478 566 vinam
518 520 695 581 Legem
733 515 947 561 omnium
1000 532 1221 565 sermone
1271 517 1498 566 celebrari
1536 553 1547 564 .
1586 520 1691 565 Ho-

313 598 417 631 xum
454 599 547 646 egr>
585 581 980 641 percontationes
1015 581 1234 646 persequi
1270 586 1305 629 si
1328 582 1694 643 vellem2finem

319 645 554 695 scribendi
595 644 778 690 nullum
816 641 1026 691 facerem
1052 681 1063 692 .

387 728 458 773 14.
499 714 680 772 Magna
716 720 788 755 est
806 708 1052 769 Japonum
1089 709 1256 770 opinio
1293 712 1352 759 de
1373 713 1591 760 Sinarum
1623 726 1696 757 sa·

314 774 531 841 pientia,
569 772 648 819 vel
685 772 731 818 in
770 774 1006 833 mysteriis
1043 774 1319 838 religionis,
1357 777 1433 824 vel
1471 778 1517 824 in
1553 776 1701 824 mori-

317 845 404 889 bus
438 851 584 900 atque
620 836 852 884 institutis
888 838 1109 885 civilibus
1141 873 1152 883 .
1191 841 1365 901 Itaque
1417 840 1532 889 illud
1585 857 1702 904 prae-

318 905 457 966 cipue
495 903 761 965 urgebant,
801 902 834 947 si
872 902 939 950 ita
972 920 1045 951 res
1084 915 1237 963 esset,
1277 905 1344 951 uti
1397 921 1484 952 nos
1538 906 1707 967 praecli-

315 983 562 1026 caremus,
603 961 685 1031 qai
723 966 965 1025 fieret,ut
1001 969 1045 1015 id
1081 968 1205 1016 Sinae
1242 967 1568 1032 ignorarent?
1596 974 1708 1017 Post

315 1033 494 1084 multas
529 1033 932 1094 percontationes
968 1048 1024 1081 ac
1080 1034 1436 1093 disputationes
1472 1066 1484 1094 ‚
1525 1038 1708 1082 Aman-

318 1097 517 1165 guciani
552 1098 610 1144 ad
649 1097 827 1144 Christi
864 1097 1132 1145 Ecclesiam
1149 1099 1398 1163 aggregari
1422 1099 1573 1160 coepti
1595 1115 1701 1159 par-

315 1177 406 1213 tim
442 1168 467 1213 ὲ
504 1162 676 1224 plebe,
715 1163 890 1223 partim
926 1165 950 1211 ὲ
1002 1164 1262 1211 nobilitate
1292 1199 1303 1210 .
1342 1167 1411 1211 Ac
1466 1166 1699 1211 mensium

317 1230 519 1278 duorum
560 1229 715 1290 spatio
755 1226 876 1274 facti
913 1241 1024 1275 sunt
1059 1228 1320 1276 Christiani
1376 1227 1517 1277 facile
1567 1229 1705 1292 quin-

318 1294 454 1360 genti
490 1326 500 1351 ,
541 1306 689 1354 atque
741 1292 816 1339 hic
871 1307 1091 1340 numerus
1147 1305 1350 1356 augetur
1386 1293 1432 1340 in
1465 1294 1596 1340 dies:
1653 1305 1707 1341 ut

322 1373 619 1424 magnopere
658 1357 949 1415 laetandum,
992 1360 1201 1420 Deoque
1239 1357 1582 1422 gratulandum
1620 1359 1710 1416 sit,

318 1438 423 1473 tam
462 1421 643 1470 multos
679 1437 807 1480 esse,
846 1422 925 1486 qui
962 1422 1139 1470 Christi
1177 1421 1463 1486 religionem
1500 1421 1711 1471 amalec-

320 1501 524 1546 tantur,
564 1489 742 1550 quique
783 1487 1074 1536 Bonziorum
1111 1485 1709 1550 fallacias,librorumque

319 1569 517 1603 suorum
555 1567 701 1616 atque
736 1568 975 1601 sectarum
1012 1565 1239 1617 mysteria
1262 1553 1554 1602 enuntient.
1582 1555 1712 1599 Nam

322 1618 403 1683 qui
444 1619 642 1665 Christo
661 1632 710 1666 se
740 1616 1371 1678 adjunxerunt‚aliial=am
1410 1617 1711 1678 disciplinam

320 1682 694 1746 sequebantur:
748 1700 807 1732 ex
861 1699 1062 1747 quorum
1116 1699 1316 1730 numero
1366 1682 1719 1730 eruditissimus

323 1750 525 1813 quisque
581 1750 861 1808 exponebat
915 1747 1176 1810 disciplinae
1227 1764 1321 1795 suae
1376 1747 1594 1795 instituta
1655 1761 1712 1794 ac

320 1824 566 1875 praecepta
603 1814 976 1860 nobis.Horum
1013 1813 1171 1861 studia
1218 1814 1253 1860 si
1291 1813 1401 1859 mihi
1438 1810 1713 1871 defuissent,

323 1877 697 1938 haudquaquam
720 1876 923 1925 nefarias
944 1880 1194 1941 Japonum
1223 1876 1476 1941 religiones
1496 1877 1610 1924 satis
1631 1891 1717 1923 co-

324 1956 501 2007 gnosse
522 1944 874 2008 &oppugnare
899 1943 1188 2003 potuissem.
1219 1943 1479 1990 Christiani
1510 1939 1714 1989 incredi-

326 2007 422 2054 bile
442 2019 543 2057 est,
564 2011 706 2071 quam
733 2024 818 2055 nos
841 2008 1072 2073 diligant:
1099 2010 1296 2056 domum
1336 2007 1395 2053 ad
1434 2021 1520 2055 nos
1561 2003 1719 2053 venti-

324 2082 437 2120 tant
461 2108 466 2114 .
488 2086 712 2137 rogatum
735 2088 951 2136 ecquam
984 2089 1032 2120 re
1067 2073 1275 2135 ipsorum
1311 2071 1456 2119 onera
1493 2069 1563 2118 uti
1601 2069 1718 2118 veli-

321 2152 428 2186 mus
452 2174 461 2182 .
483 2138 605 2185 Sane
626 2139 843 2200 Japones
863 2154 1029 2186 omnes
1050 2139 1222 2186 natur-21
1243 2135 1445 2185 officiosi
1473 2137 1716 2182 videntur:

327 2202 594 2250 Christiani
635 2203 826 2266 quidem
857 2207 1029 2267 certe(
1053 2220 1153 2267 quae
1206 2203 1415 2259 ipsorum
1444 2199 1716 2263 benignitas

325 2270 440 2332 est)
464 2267 825 2315 humanissimos
846 2284 894 2316 se
933 2268 1069 2315 nobis
1102 2268 1154 2319 &
1185 2265 1557 2315 offifiosissimos
1603 2280 1717 2323 prae-

328 2330 480 2379 bent.
519 2333 754 2393 Deus,&
807 2333 894 2380 illis
915 2350 999 2395 pro
1036 2349 1116 2380 sua
1167 2330 1492 2380 misericordia
1537 2327 1718 2376 referat

328 2398 641 2510 {ratiarnssc
693 2399 831 2447 nobis
867 2398 1047 2463 pariter
1081 2397 1324 2447 caelestem
1359 2393 1605 2507 imperti?
1641 2390 1714 2451 fef

350 2473 565 2511 icltatem
595 2498 607 2511 ι
1603 2472 1660 2506 nv
