1803 3076
403 305 499 371 376
630 300 678 351 S.
714 299 1088 351 FRANCISCI
1121 298 1416 349 XAVERII

337 396 495 456 solet,
534 394 767 458 exemplis
806 394 1062 454 venerint,
1100 411 1246 443 unum
1280 392 1530 456 exemplar
1567 394 1728 445 Mala-

341 478 452 512 cam
489 462 548 509 ad
584 475 770 524 patrem
807 459 1106 507 Franciscum
1147 461 1396 510 Perezium
1434 461 1728 510 destinaois:

342 544 456 577 nam
491 527 602 574 huic
638 525 921 583 mandabo,
960 538 1012 572 ut
1064 542 1143 574 eas
1200 528 1260 573 ad
1307 542 1383 572 me
1436 526 1727 589 descriptas,

341 609 444 641 non
480 592 576 638 una
616 591 692 638 via
728 590 938 654 dirigat.
977 589 1058 635 Sin
1095 591 1288 637 unicum
1328 591 1518 639 illarum
1568 608 1731 638 exem·

341 658 475 722 plum
513 654 791 717 acceperis,
829 652 1012 716 aperies
1050 656 1104 706 &
1154 655 1356 704 describi
1397 659 1424 704 a
1455 656 1550 704 fido
1599 672 1732 704 ama-

342 721 511 772 nuensi
550 719 774 768 curabis:
812 732 912 766 tum
948 724 1221 782 archetypo
1272 732 1495 780 retento}
1530 737 1731 787 apogra-

341 790 489 851 phum
526 786 692 834 mittes
728 787 930 834 Perezio
954 818 964 831 .
1004 788 1114 832 Hoc
1149 785 1285 832 annis
1320 785 1511 849 singulis
1556 784 1732 850 exequi

342 852 534 900 solicite
574 861 825 898 memento
849 885 860 896 .
898 848 1085 897 afficies
1123 852 1351 907 omnino,
1375 862 1428 898 ut
1459 862 1613 911 patres
1652 853 1732 915 qui

345 915 580 976 Bazaini‚
619 915 830 971 Cocini,
868 914 1082 973 Colani,
1121 931 1204 976 per
1240 931 1371 962 oram
1410 918 1731 964 Comorinen-

342 998 474 1042 sem>
513 981 561 1028 in
600 980 1018 1039 SanctiThomae‚
1055 980 1436 1044 degunt‚semel
1471 982 1732 1043 quotannis

340 1050 402 1096 ad
442 1063 519 1095 me
554 1047 769 1095 scribant
804 1047 1034 1094 accurate
1070 1061 1128 1092 ac
1166 1044 1264 1095 fuse
1287 1082 1297 1094 .
1323 1046 1529 1094 Minime
1555 1046 1728 1094 vellem

340 1114 436 1161 hoc
473 1113 531 1160 ab
568 1111 658 1158 illis
695 1125 779 1159 aut
817 1115 845 1159 a
881 1124 930 1158 te
970 1109 1182 1176 negligi.
1219 1112 1547 1160 Vehementer
1583 1112 1734 1159 etiam

341 1192 492 1241 atque
531 1176 680 1225 etiam
717 1177 1037 1234 commendo,
1077 1189 1131 1223 ut
1168 1189 1217 1224 tu
1257 1193 1312 1223 ac
1352 1178 1511 1223 Patres
1563 1193 1731 1225 omnes

337 1242 604 1308 morigeros
644 1259 727 1291 vos
767 1243 821 1293 &
860 1241 998 1303 plane
1036 1241 1323 1289 obedientes
1367 1241 1582 1289 Domino
1619 1244 1732 1303 Epi-

340 1324 494 1370 scopo
532 1307 765 1369 praestetis
805 1324 814 1354 :
855 1305 1315 1370 diligentissimeque
1368 1307 1617 1365 caveatis,
1674 1322 1733 1355 ne

336 1373 599 1437 quidquam
637 1373 736 1421 ulla
771 1387 983 1435 unquam
1020 1371 1066 1417 in
1104 1386 1153 1418 re
1191 1369 1543 1431 ipsifacessatis
1581 1371 1730 1420 mole-

336 1451 475 1496 st1ae3
512 1438 593 1485 sed
630 1440 801 1486 contra
839 1436 1074 1485 studeatis
1111 1435 1160 1483 in
1209 1436 1395 1484 cunctis
1432 1470 1442 1496 ‚
1499 1439 1734 1500 quantum

337 1504 545 1551 maxime
598 1503 851 1565 potesti5‚
904 1502 1131 1549 inservire
1181 1517 1238 1549 ac
1294 1501 1557 1567 gratificari
1610 1502 1733 1564 patri

337 1582 440 1617 tam
479 1567 729 1616 benevolo
766 1579 914 1629 atque
964 1566 1273 1626 indulgenti,
1328 1579 1406 1615 tot
1456 1566 1731 1615 nominibus

335 1633 544 1691 merito,
584 1645 639 1680 ut
674 1636 861 1681 cunctis
901 1632 1141 1694 obsequiis
1179 1632 1412 1692 pietatem
1460 1632 1546 1693 ipsi
1601 1648 1730 1680 sum-

335 1715 466 1748 mam
500 1699 854 1760 rependamuS.
890 1697 1106 1745 Patribus
1141 1696 1219 1759 qui
1257 1708 1394 1743 extra
1430 1698 1590 1744 Goam
1646 1699 1727 1744 de-

332 1777 482 1828 gunt,
523 1763 771 1810 mandabis
807 1775 860 1810 ut
900 1761 1169 1809 Dominum
1209 1762 1503 1822 Episcopum
1543 1762 1726 1820 scripto

334 1829 609 1878 identidem
649 1843 974 1885 venerentur,
999 1826 1220 1874 brevibus
1256 1826 1436 1884 literis,
1460 1842 1563 1889 quae
1600 1824 1726 1874 fruc-

332 1907 438 1942 tum
479 1893 720 1940 duntaxat
755 1892 1022 1940 animarum
1059 1906 1200 1954 quem
1239 1907 1297 1938 ex
1335 1891 1426 1939 suis
1480 1892 1726 1939 laboribus

334 1961 452 2008 Deo
492 1955 757 2012 adiuvante
794 1957 1070 2021 eolligunt,
1109 1956 1371 2004 nuntient.
1411 1957 1609 2004 Addant
1645 1973 1729 2004 eo-

332 2025 443 2072 dem
483 2022 710 2086 quidquid
747 2025 859 2071 vere
897 2033 1096 2084 possunt
1133 2020 1292 2073 ineius
1319 2021 1649 2069 Vicariisloca
1671 2022 1726 2068 il-

328 2089 376 2137 la
399 2088 677 2137 tenentibus
699 2087 909 2145 laudare,
930 2087 1116 2149 prolixe
1139 2087 1533 2135 commendando
1554 2086 1586 2133 si
1607 2087 1720 2150 quid

329 2155 455 2203 bene
495 2154 555 2200 ad
592 2152 859 2201 utilitatem
899 2152 1140 2213 publicam
1177 2164 1382 2215 gerunt:
1422 2151 1652 2214 quidquid
1688 2151 1725 2198 i-

329 2231 432 2268 tem
471 2217 552 2266 alii
590 2217 828 2282 Religiosi
867 2219 922 2269 <Sc
959 2217 1287 2273 Sacerdotes,
1337 2216 1720 2276 concionando,

327 2300 463 2333 sacra
499 2295 673 2332 caetera
710 2281 976 2331 ministeria
1013 2283 1268 2341 obeundo,
1309 2281 1451 2329 lucris
1487 2282 1720 2330 Ecclesiae

327 2361 616 2413 apponunt,
655 2347 923 2396 liberaliter
959 2348 1245 2396 celebrent.
1283 2348 1329 2394 Si
1368 2346 1482 2394 nihil
1522 2346 1583 2395 sit
1633 2346 1721 2394 bo-

326 2415 376 2463 ni
411 2414 542 2479 quod
578 2411 830 2474 referant,
867 2413 1044 2462 sileant
1078 2413 1138 2462 de
1174 2411 1274 2474 his;
1312 2428 1400 2462 nec
1435 2427 1626 2461 suarum
1648 2427 1721 2460 es-

1614 2491 1663 2525 se
