<?xml version="1.0" encoding="UTF-8"?>
<!DOCTYPE html PUBLIC "-//W3C//DTD XHTML 1.0 Transitional//EN"
    "http://www.w3.org/TR/xhtml1/DTD/xhtml1-transitional.dtd">
<html xmlns="http://www.w3.org/1999/xhtml" xml:lang="en" lang="en">
 <head>
  <title>
</title>
<meta http-equiv="Content-Type" content="text/html;charset=utf-8" />
  <meta name='ocr-system' content='tesseract 3.04.00' />
  <meta name='ocr-capabilities' content='ocr_page ocr_carea ocr_par ocr_line ocrx_word'/>
</head>
<body>
  <div class='ocr_page' id='page_1' title='image "./sfranciscixaveri02fran_0151.png"; bbox 0 0 1803 3076; ppageno 0'>
   <div class='ocr_carea' id='block_1_1' title="bbox 263 293 1470 361">
    <p class='ocr_par' dir='ltr' id='par_1_1' title="bbox 263 293 1470 361">
     <span class='ocr_line' id='line_1_1' title="bbox 263 293 1470 361; baseline -0.004 -14"><span class='ocrx_word' id='word_1_1' title='bbox 263 294 745 348; x_wconf 82' lang='lat' dir='ltr'>EPISTOLARUM</span> <span class='ocrx_word' id='word_1_2' title='bbox 766 328 778 340; x_wconf 86' lang='lat'><strong>.</strong></span> <span class='ocrx_word' id='word_1_3' title='bbox 803 293 900 339; x_wconf 80' lang='lat' dir='ltr'>Lib.</span> <span class='ocrx_word' id='word_1_4' title='bbox 917 296 1011 340; x_wconf 81' lang='lat' dir='ltr'><strong><em>III.</em></strong></span> <span class='ocrx_word' id='word_1_5' title='bbox 1031 295 1114 355; x_wconf 79' lang='lat' dir='ltr'>Ep.</span> <span class='ocrx_word' id='word_1_6' title='bbox 1136 294 1323 342; x_wconf 79' lang='lat' dir='ltr'><em>XVIII.</em></span> <span class='ocrx_word' id='word_1_7' title='bbox 1377 311 1470 361; x_wconf 84' lang='lat'>147</span> 
     </span>
    </p>
   </div>
   <div class='ocr_carea' id='block_1_2' title="bbox 117 384 1525 2515">
    <p class='ocr_par' dir='ltr' id='par_1_2' title="bbox 120 384 1525 1946">
     <span class='ocr_line' id='line_1_2' title="bbox 145 384 1525 449; baseline -0.001 -10"><span class='ocrx_word' id='word_1_8' title='bbox 145 405 245 439; x_wconf 83' lang='lat' dir='ltr'>tam</span> <span class='ocrx_word' id='word_1_9' title='bbox 296 389 533 439; x_wconf 82' lang='lat' dir='ltr'>sentinam</span> <span class='ocrx_word' id='word_1_10' title='bbox 587 384 942 449; x_wconf 78' lang='lat' dir='ltr'>praecipitavit.</span> <span class='ocrx_word' id='word_1_11' title='bbox 979 387 1166 434; x_wconf 85' lang='lat' dir='ltr'>Omnes</span> <span class='ocrx_word' id='word_1_12' title='bbox 1216 387 1349 436; x_wconf 83' lang='lat' dir='ltr'>illurn</span> <span class='ocrx_word' id='word_1_13' title='bbox 1397 406 1525 438; x_wconf 88' lang='lat' dir='ltr'>mor-</span> 
     </span>
     <span class='ocr_line' id='line_1_3' title="bbox 135 452 1524 515; baseline 0 -11"><span class='ocrx_word' id='word_1_14' title='bbox 135 469 270 504; x_wconf 88' lang='lat' dir='ltr'>tuum</span> <span class='ocrx_word' id='word_1_15' title='bbox 324 452 608 502; x_wconf 67' lang='lat' dir='ltr'>credidimus</span> <span class='ocrx_word' id='word_1_16' title='bbox 642 484 652 509; x_wconf 92' lang='lat'>‚</span> <span class='ocrx_word' id='word_1_17' title='bbox 691 455 822 514; x_wconf 84' lang='lat' dir='ltr'>quod</span> <span class='ocrx_word' id='word_1_18' title='bbox 869 452 924 502; x_wconf 86' lang='lat'>&amp;</span> <span class='ocrx_word' id='word_1_19' title='bbox 976 452 1075 500; x_wconf 76' lang='lat' dir='ltr'>alte</span> <span class='ocrx_word' id='word_1_20' title='bbox 1125 454 1368 503; x_wconf 76' lang='lat' dir='ltr'>ceciderat</span> <span class='ocrx_word' id='word_1_21' title='bbox 1397 489 1410 515; x_wconf 90' lang='lat'>,</span> <span class='ocrx_word' id='word_1_22' title='bbox 1468 457 1524 508; x_wconf 85' lang='lat'>&amp;</span> 
     </span>
     <span class='ocr_line' id='line_1_4' title="bbox 139 518 1524 581; baseline 0 -13"><span class='ocrx_word' id='word_1_23' title='bbox 139 535 328 569; x_wconf 66' lang='lat' dir='ltr'>sentina</span> <span class='ocrx_word' id='word_1_24' title='bbox 364 533 500 581; x_wconf 84' lang='lat' dir='ltr'>aquae</span> <span class='ocrx_word' id='word_1_25' title='bbox 537 518 679 579; x_wconf 83' lang='lat' dir='ltr'>plena</span> <span class='ocrx_word' id='word_1_26' title='bbox 715 529 818 564; x_wconf 82' lang='lat' dir='ltr'>erat</span> <span class='ocrx_word' id='word_1_27' title='bbox 858 533 868 563; x_wconf 88' lang='lat'><strong>:</strong></span> <span class='ocrx_word' id='word_1_28' title='bbox 921 518 1083 564; x_wconf 81' lang='lat' dir='ltr'>verum</span> <span class='ocrx_word' id='word_1_29' title='bbox 1134 519 1232 565; x_wconf 87' lang='lat' dir='ltr'>Dei</span> <span class='ocrx_word' id='word_1_30' title='bbox 1283 520 1524 568; x_wconf 86' lang='lat' dir='ltr'>beneficio</span> 
     </span>
     <span class='ocr_line' id='line_1_5' title="bbox 133 580 1523 643; baseline 0.001 -13"><span class='ocrx_word' id='word_1_31' title='bbox 133 597 341 633; x_wconf 68' lang='lat' dir='ltr'>mortem</span> <span class='ocrx_word' id='word_1_32' title='bbox 377 583 555 630; x_wconf 86' lang='lat' dir='ltr'>evasit.</span> <span class='ocrx_word' id='word_1_33' title='bbox 595 584 636 629; x_wconf 92' lang='lat' dir='ltr'>A</span> <span class='ocrx_word' id='word_1_34' title='bbox 673 582 833 643; x_wconf 58' lang='lat' dir='ltr'>capite</span> <span class='ocrx_word' id='word_1_35' title='bbox 870 580 1067 630; x_wconf 87' lang='lat' dir='ltr'>obrutus</span> <span class='ocrx_word' id='word_1_36' title='bbox 1102 582 1332 631; x_wconf 82' lang='lat' dir='ltr'>umbilico</span> <span class='ocrx_word' id='word_1_37' title='bbox 1385 598 1523 634; x_wconf 89' lang='lat' dir='ltr'>tenus</span> 
     </span>
     <span class='ocr_line' id='line_1_6' title="bbox 133 647 1517 715; baseline 0.003 -20"><span class='ocrx_word' id='word_1_38' title='bbox 133 647 485 712; x_wconf 70' lang='lat' dir='ltr'>aliquantisper</span> <span class='ocrx_word' id='word_1_39' title='bbox 520 648 722 694; x_wconf 85' lang='lat' dir='ltr'>haeserat</span> <span class='ocrx_word' id='word_1_40' title='bbox 757 662 806 692; x_wconf 84' lang='lat' dir='ltr'>in</span> <span class='ocrx_word' id='word_1_41' title='bbox 842 659 1060 706; x_wconf 77' lang='lat' dir='ltr'>sentina,</span> <span class='ocrx_word' id='word_1_42' title='bbox 1097 648 1264 711; x_wconf 86' lang='lat' dir='ltr'>itaque</span> <span class='ocrx_word' id='word_1_43' title='bbox 1300 654 1423 715; x_wconf 80' lang='lat' dir='ltr'>aegre</span> <span class='ocrx_word' id='word_1_44' title='bbox 1460 665 1517 698; x_wconf 88' lang='lat' dir='ltr'>ac</span> 
     </span>
     <span class='ocr_line' id='line_1_7' title="bbox 131 713 1521 778; baseline 0.001 -17"><span class='ocrx_word' id='word_1_45' title='bbox 131 729 312 777; x_wconf 68' lang='lat' dir='ltr'>magno</span> <span class='ocrx_word' id='word_1_46' title='bbox 349 713 517 760; x_wconf 72' lang='lat' dir='ltr'>labore</span> <span class='ocrx_word' id='word_1_47' title='bbox 556 713 804 758; x_wconf 65' lang='lat' dir='ltr'>hominem</span> <span class='ocrx_word' id='word_1_48' title='bbox 828 724 1122 759; x_wconf 79' lang='lat' dir='ltr'>extraximus</span> <span class='ocrx_word' id='word_1_49' title='bbox 1140 713 1521 778; x_wconf 75' lang='lat' dir='ltr'>graviterinca-</span> 
     </span>
     <span class='ocr_line' id='line_1_8' title="bbox 131 776 1522 839; baseline 0.003 -16"><span class='ocrx_word' id='word_1_50' title='bbox 131 778 232 838; x_wconf 85' lang='lat' dir='ltr'>pite</span> <span class='ocrx_word' id='word_1_51' title='bbox 271 778 612 825; x_wconf 85' lang='lat' dir='ltr'>vulneratum.</span> <span class='ocrx_word' id='word_1_52' title='bbox 653 777 751 823; x_wconf 88' lang='lat' dir='ltr'>Diu</span> <span class='ocrx_word' id='word_1_53' title='bbox 788 778 1021 824; x_wconf 84' lang='lat' dir='ltr'>exanimis</span> <span class='ocrx_word' id='word_1_54' title='bbox 1057 776 1205 835; x_wconf 86' lang='lat' dir='ltr'>jacuit</span> <span class='ocrx_word' id='word_1_55' title='bbox 1238 797 1250 839; x_wconf 79' lang='lat'>5</span> <span class='ocrx_word' id='word_1_56' title='bbox 1286 783 1370 827; x_wconf 84' lang='lat' dir='ltr'>sed</span> <span class='ocrx_word' id='word_1_57' title='bbox 1423 779 1522 829; x_wconf 84' lang='lat' dir='ltr'>Dei</span> 
     </span>
     <span class='ocr_line' id='line_1_9' title="bbox 127 842 1522 907; baseline 0.001 -16"><span class='ocrx_word' id='word_1_58' title='bbox 127 842 438 907; x_wconf 83' lang='lat' dir='ltr'>benignitate</span> <span class='ocrx_word' id='word_1_59' title='bbox 475 843 666 890; x_wconf 88' lang='lat' dir='ltr'>demum</span> <span class='ocrx_word' id='word_1_60' title='bbox 703 856 959 889; x_wconf 83' lang='lat' dir='ltr'>revocatus</span> <span class='ocrx_word' id='word_1_61' title='bbox 981 856 1054 890; x_wconf 90' lang='lat' dir='ltr'>est</span> <span class='ocrx_word' id='word_1_62' title='bbox 1075 846 1134 890; x_wconf 88' lang='lat' dir='ltr'>ad</span> <span class='ocrx_word' id='word_1_63' title='bbox 1153 844 1386 892; x_wconf 81' lang='lat' dir='ltr'>salutem.</span> <span class='ocrx_word' id='word_1_64' title='bbox 1424 847 1522 893; x_wconf 81' lang='lat' dir='ltr'>Sub</span> 
     </span>
     <span class='ocr_line' id='line_1_10' title="bbox 128 905 1523 971; baseline 0.001 -16"><span class='ocrx_word' id='word_1_65' title='bbox 128 907 330 969; x_wconf 74' lang='lat' dir='ltr'>primani</span> <span class='ocrx_word' id='word_1_66' title='bbox 366 905 502 965; x_wconf 79' lang='lat' dir='ltr'>hujus</span> <span class='ocrx_word' id='word_1_67' title='bbox 538 906 875 965; x_wconf 84' lang='lat' dir='ltr'>curationem,</span> <span class='ocrx_word' id='word_1_68' title='bbox 915 922 1031 954; x_wconf 83' lang='lat' dir='ltr'>ecce</span> <span class='ocrx_word' id='word_1_69' title='bbox 1085 908 1170 956; x_wconf 87' lang='lat' dir='ltr'>tibi</span> <span class='ocrx_word' id='word_1_70' title='bbox 1226 910 1327 971; x_wconf 84' lang='lat' dir='ltr'>pari</span> <span class='ocrx_word' id='word_1_71' title='bbox 1384 910 1523 958; x_wconf 69' lang='lat' dir='ltr'>navis</span> 
     </span>
     <span class='ocr_line' id='line_1_11' title="bbox 127 972 1522 1033; baseline 0.003 -13"><span class='ocrx_word' id='word_1_72' title='bbox 127 972 400 1032; x_wconf 85' lang='lat' dir='ltr'>jactatione</span> <span class='ocrx_word' id='word_1_73' title='bbox 437 972 666 1019; x_wconf 74' lang='lat' dir='ltr'>navarchi</span> <span class='ocrx_word' id='word_1_74' title='bbox 703 972 799 1018; x_wconf 85' lang='lat' dir='ltr'>filia</span> <span class='ocrx_word' id='word_1_75' title='bbox 837 974 1084 1019; x_wconf 85' lang='lat' dir='ltr'>excutitur</span> <span class='ocrx_word' id='word_1_76' title='bbox 1119 973 1165 1021; x_wconf 91' lang='lat' dir='ltr'>in</span> <span class='ocrx_word' id='word_1_77' title='bbox 1202 981 1522 1033; x_wconf 70' lang='lat' dir='ltr'>niare5cum-</span> 
     </span>
     <span class='ocr_line' id='line_1_12' title="bbox 128 1036 1519 1103; baseline 0.003 -19"><span class='ocrx_word' id='word_1_78' title='bbox 128 1053 222 1103; x_wconf 88' lang='lat' dir='ltr'>que</span> <span class='ocrx_word' id='word_1_79' title='bbox 258 1050 455 1099; x_wconf 82' lang='lat' dir='ltr'>propter</span> <span class='ocrx_word' id='word_1_80' title='bbox 493 1052 584 1083; x_wconf 81' lang='lat' dir='ltr'>vim</span> <span class='ocrx_word' id='word_1_81' title='bbox 622 1038 923 1097; x_wconf 76' lang='lat' dir='ltr'>tempestatis</span> <span class='ocrx_word' id='word_1_82' title='bbox 962 1036 1137 1085; x_wconf 81' lang='lat' dir='ltr'>frustra</span> <span class='ocrx_word' id='word_1_83' title='bbox 1191 1040 1231 1086; x_wconf 83' lang='lat' dir='ltr'>ei</span> <span class='ocrx_word' id='word_1_84' title='bbox 1285 1040 1519 1102; x_wconf 74' lang='lat' dir='ltr'>opitulari</span> 
     </span>
     <span class='ocr_line' id='line_1_13' title="bbox 128 1101 1520 1166; baseline 0.003 -16"><span class='ocrx_word' id='word_1_85' title='bbox 128 1102 300 1151; x_wconf 87' lang='lat' dir='ltr'>conati</span> <span class='ocrx_word' id='word_1_86' title='bbox 335 1116 573 1159; x_wconf 76' lang='lat' dir='ltr'>essemus,</span> <span class='ocrx_word' id='word_1_87' title='bbox 611 1101 656 1146; x_wconf 91' lang='lat' dir='ltr'>in</span> <span class='ocrx_word' id='word_1_88' title='bbox 693 1103 904 1161; x_wconf 89' lang='lat' dir='ltr'>parentis</span> <span class='ocrx_word' id='word_1_89' title='bbox 938 1101 1109 1163; x_wconf 84' lang='lat' dir='ltr'>ipsius,</span> <span class='ocrx_word' id='word_1_90' title='bbox 1132 1116 1280 1166; x_wconf 85' lang='lat' dir='ltr'>atque</span> <span class='ocrx_word' id='word_1_91' title='bbox 1300 1106 1520 1154; x_wconf 83' lang='lat' dir='ltr'>omniurn</span> 
     </span>
     <span class='ocr_line' id='line_1_14' title="bbox 126 1165 1521 1234; baseline 0.001 -19"><span class='ocrx_word' id='word_1_92' title='bbox 126 1167 278 1215; x_wconf 87' lang='lat' dir='ltr'>oculis</span> <span class='ocrx_word' id='word_1_93' title='bbox 316 1178 514 1228; x_wconf 81' lang='lat' dir='ltr'>propter</span> <span class='ocrx_word' id='word_1_94' title='bbox 551 1165 710 1211; x_wconf 82' lang='lat' dir='ltr'>navim</span> <span class='ocrx_word' id='word_1_95' title='bbox 748 1165 964 1213; x_wconf 81' lang='lat' dir='ltr'>obruitur</span> <span class='ocrx_word' id='word_1_96' title='bbox 984 1168 1205 1214; x_wconf 84' lang='lat' dir='ltr'>fluctibus</span> <span class='ocrx_word' id='word_1_97' title='bbox 1227 1205 1237 1214; x_wconf 91' lang='lat'><strong>.</strong></span> <span class='ocrx_word' id='word_1_98' title='bbox 1259 1171 1388 1234; x_wconf 83' lang='lat' dir='ltr'>Ergo</span> <span class='ocrx_word' id='word_1_99' title='bbox 1410 1184 1521 1219; x_wconf 85' lang='lat' dir='ltr'>tan-</span> 
     </span>
     <span class='ocr_line' id='line_1_15' title="bbox 125 1228 1520 1298; baseline -0.001 -20"><span class='ocrx_word' id='word_1_100' title='bbox 125 1231 163 1279; x_wconf 90' lang='lat' dir='ltr'>ti</span> <span class='ocrx_word' id='word_1_101' title='bbox 201 1228 407 1288; x_wconf 83' lang='lat' dir='ltr'>ejulatus</span> <span class='ocrx_word' id='word_1_102' title='bbox 443 1245 501 1277; x_wconf 90' lang='lat' dir='ltr'>ac</span> <span class='ocrx_word' id='word_1_103' title='bbox 534 1231 744 1294; x_wconf 78' lang='lat' dir='ltr'>gemitus</span> <span class='ocrx_word' id='word_1_104' title='bbox 780 1240 906 1277; x_wconf 81' lang='lat' dir='ltr'>diem</span> <span class='ocrx_word' id='word_1_105' title='bbox 943 1229 1107 1290; x_wconf 86' lang='lat' dir='ltr'>illum,</span> <span class='ocrx_word' id='word_1_106' title='bbox 1134 1236 1429 1298; x_wconf 78' lang='lat' dir='ltr'>noctemque</span> <span class='ocrx_word' id='word_1_107' title='bbox 1449 1237 1520 1282; x_wconf 76' lang='lat' dir='ltr'>in.</span> 
     </span>
     <span class='ocr_line' id='line_1_16' title="bbox 122 1294 1520 1358; baseline 0.003 -14"><span class='ocrx_word' id='word_1_108' title='bbox 122 1311 408 1358; x_wconf 83' lang='lat' dir='ltr'>sequentem</span> <span class='ocrx_word' id='word_1_109' title='bbox 444 1308 736 1352; x_wconf 87' lang='lat' dir='ltr'>tenuerunt,</span> <span class='ocrx_word' id='word_1_110' title='bbox 774 1308 827 1342; x_wconf 91' lang='lat' dir='ltr'>ut</span> <span class='ocrx_word' id='word_1_111' title='bbox 862 1294 1048 1356; x_wconf 89' lang='lat' dir='ltr'>species</span> <span class='ocrx_word' id='word_1_112' title='bbox 1085 1310 1211 1344; x_wconf 89' lang='lat' dir='ltr'>esset</span> <span class='ocrx_word' id='word_1_113' title='bbox 1258 1301 1520 1348; x_wconf 78' lang='lat' dir='ltr'>admodum</span> 
     </span>
     <span class='ocr_line' id='line_1_17' title="bbox 125 1358 1518 1418; baseline 0.001 -8"><span class='ocrx_word' id='word_1_114' title='bbox 125 1362 295 1410; x_wconf 81' lang='lat' dir='ltr'>fieoilis</span> <span class='ocrx_word' id='word_1_115' title='bbox 331 1377 388 1408; x_wconf 88' lang='lat' dir='ltr'>ac</span> <span class='ocrx_word' id='word_1_116' title='bbox 423 1360 712 1418; x_wconf 85' lang='lat' dir='ltr'>miseranda,</span> <span class='ocrx_word' id='word_1_117' title='bbox 758 1358 839 1408; x_wconf 88' lang='lat' dir='ltr'>vel</span> <span class='ocrx_word' id='word_1_118' title='bbox 875 1366 938 1406; x_wconf 75' lang='lat' dir='ltr'>ob</span> <span class='ocrx_word' id='word_1_119' title='bbox 976 1375 1234 1408; x_wconf 66' lang='lat' dir='ltr'>nroerorem</span> <span class='ocrx_word' id='word_1_120' title='bbox 1289 1363 1518 1412; x_wconf 82' lang='lat' dir='ltr'>barbaro-</span> 
     </span>
     <span class='ocr_line' id='line_1_18' title="bbox 130 1425 1520 1488; baseline 0.002 -14"><span class='ocrx_word' id='word_1_121' title='bbox 130 1442 259 1485; x_wconf 86' lang='lat' dir='ltr'>rum,</span> <span class='ocrx_word' id='word_1_122' title='bbox 299 1426 377 1474; x_wconf 83' lang='lat' dir='ltr'>vel</span> <span class='ocrx_word' id='word_1_123' title='bbox 414 1427 477 1473; x_wconf 88' lang='lat' dir='ltr'>ob</span> <span class='ocrx_word' id='word_1_124' title='bbox 513 1439 728 1472; x_wconf 86' lang='lat' dir='ltr'>nostrum</span> <span class='ocrx_word' id='word_1_125' title='bbox 781 1425 995 1472; x_wconf 86' lang='lat' dir='ltr'>omnium</span> <span class='ocrx_word' id='word_1_126' title='bbox 1051 1426 1344 1488; x_wconf 87' lang='lat' dir='ltr'>periculum.</span> <span class='ocrx_word' id='word_1_127' title='bbox 1399 1431 1520 1478; x_wconf 86' lang='lat' dir='ltr'>Inde</span> 
     </span>
     <span class='ocr_line' id='line_1_19' title="bbox 130 1489 1521 1555; baseline 0.003 -17"><span class='ocrx_word' id='word_1_128' title='bbox 130 1491 317 1538; x_wconf 83' lang='lat' dir='ltr'>barbari</span> <span class='ocrx_word' id='word_1_129' title='bbox 341 1491 401 1537; x_wconf 85' lang='lat' dir='ltr'>ad</span> <span class='ocrx_word' id='word_1_130' title='bbox 435 1491 620 1538; x_wconf 88' lang='lat' dir='ltr'>idolum</span> <span class='ocrx_word' id='word_1_131' title='bbox 648 1489 883 1537; x_wconf 84' lang='lat' dir='ltr'>sacrificus</span> <span class='ocrx_word' id='word_1_132' title='bbox 908 1506 964 1538; x_wconf 90' lang='lat' dir='ltr'>ac</span> <span class='ocrx_word' id='word_1_133' title='bbox 986 1494 1287 1539; x_wconf 86' lang='lat' dir='ltr'>caeremoniis</span> <span class='ocrx_word' id='word_1_134' title='bbox 1320 1493 1521 1555; x_wconf 82' lang='lat' dir='ltr'>placan-</span> 
     </span>
     <span class='ocr_line' id='line_1_20' title="bbox 124 1555 1520 1622; baseline 0.002 -18"><span class='ocrx_word' id='word_1_135' title='bbox 124 1557 233 1604; x_wconf 89' lang='lat' dir='ltr'>dum</span> <span class='ocrx_word' id='word_1_136' title='bbox 272 1556 421 1609; x_wconf 76' lang='lat' dir='ltr'>versi,</span> <span class='ocrx_word' id='word_1_137' title='bbox 459 1555 616 1616; x_wconf 86' lang='lat' dir='ltr'>diem,</span> <span class='ocrx_word' id='word_1_138' title='bbox 641 1558 936 1617; x_wconf 79' lang='lat' dir='ltr'>noctemque</span> <span class='ocrx_word' id='word_1_139' title='bbox 971 1559 1307 1614; x_wconf 69' lang='lat' dir='ltr'>totam,nulia</span> <span class='ocrx_word' id='word_1_140' title='bbox 1343 1560 1520 1622; x_wconf 84' lang='lat' dir='ltr'>quietis</span> 
     </span>
     <span class='ocr_line' id='line_1_21' title="bbox 122 1621 1518 1687; baseline 0.002 -19"><span class='ocrx_word' id='word_1_141' title='bbox 122 1634 260 1685; x_wconf 84' lang='lat' dir='ltr'>parte</span> <span class='ocrx_word' id='word_1_142' title='bbox 296 1621 470 1682; x_wconf 68' lang='lat' dir='ltr'>capta,</span> <span class='ocrx_word' id='word_1_143' title='bbox 491 1621 761 1669; x_wconf 83' lang='lat' dir='ltr'>mactandis</span> <span class='ocrx_word' id='word_1_144' title='bbox 797 1623 964 1668; x_wconf 75' lang='lat' dir='ltr'>avibus</span> <span class='ocrx_word' id='word_1_145' title='bbox 987 1624 1389 1687; x_wconf 79' lang='lat' dir='ltr'>apponendisque</span> <span class='ocrx_word' id='word_1_146' title='bbox 1412 1624 1518 1671; x_wconf 86' lang='lat' dir='ltr'>ido-</span> 
     </span>
     <span class='ocr_line' id='line_1_22' title="bbox 122 1685 1519 1749; baseline 0.002 -14"><span class='ocrx_word' id='word_1_147' title='bbox 122 1688 176 1736; x_wconf 90' lang='lat' dir='ltr'>lo</span> <span class='ocrx_word' id='word_1_148' title='bbox 232 1685 384 1748; x_wconf 84' lang='lat' dir='ltr'>epulis</span> <span class='ocrx_word' id='word_1_149' title='bbox 438 1698 850 1749; x_wconf 86' lang='lat' dir='ltr'>consumpserunt</span> <span class='ocrx_word' id='word_1_150' title='bbox 880 1722 892 1733; x_wconf 91' lang='lat'><strong>.</strong></span> <span class='ocrx_word' id='word_1_151' title='bbox 929 1688 1049 1733; x_wconf 89' lang='lat' dir='ltr'>Tum</span> <span class='ocrx_word' id='word_1_152' title='bbox 1104 1691 1351 1736; x_wconf 85' lang='lat' dir='ltr'>navarcho</span> <span class='ocrx_word' id='word_1_153' title='bbox 1382 1721 1394 1748; x_wconf 92' lang='lat'>,</span> <span class='ocrx_word' id='word_1_154' title='bbox 1431 1706 1519 1737; x_wconf 83' lang='lat' dir='ltr'>cur</span> 
     </span>
     <span class='ocr_line' id='line_1_23' title="bbox 121 1751 1518 1813; baseline 0.002 -13"><span class='ocrx_word' id='word_1_155' title='bbox 121 1751 222 1800; x_wconf 86' lang='lat' dir='ltr'>filia</span> <span class='ocrx_word' id='word_1_156' title='bbox 258 1767 340 1798; x_wconf 90' lang='lat' dir='ltr'>sua</span> <span class='ocrx_word' id='word_1_157' title='bbox 378 1753 680 1810; x_wconf 79' lang='lat' dir='ltr'>interiisset,</span> <span class='ocrx_word' id='word_1_158' title='bbox 719 1751 927 1798; x_wconf 87' lang='lat' dir='ltr'>sortibus</span> <span class='ocrx_word' id='word_1_159' title='bbox 962 1766 1276 1813; x_wconf 83' lang='lat' dir='ltr'>percontanti</span> <span class='ocrx_word' id='word_1_160' title='bbox 1327 1769 1425 1802; x_wconf 91' lang='lat' dir='ltr'>sors</span> <span class='ocrx_word' id='word_1_161' title='bbox 1465 1770 1518 1803; x_wconf 86' lang='lat' dir='ltr'>e-</span> 
     </span>
     <span class='ocr_line' id='line_1_24' title="bbox 120 1815 1517 1882; baseline 0.003 -18"><span class='ocrx_word' id='word_1_162' title='bbox 120 1816 275 1875; x_wconf 81' lang='lat' dir='ltr'>ditur,</span> <span class='ocrx_word' id='word_1_163' title='bbox 298 1817 816 1864; x_wconf 84' lang='lat' dir='ltr'>siEmmanuelnoster</span> <span class='ocrx_word' id='word_1_164' title='bbox 836 1815 885 1862; x_wconf 93' lang='lat' dir='ltr'>in</span> <span class='ocrx_word' id='word_1_165' title='bbox 921 1828 1111 1865; x_wconf 75' lang='lat' dir='ltr'>sentina</span> <span class='ocrx_word' id='word_1_166' title='bbox 1146 1819 1341 1882; x_wconf 85' lang='lat' dir='ltr'>periiset</span> <span class='ocrx_word' id='word_1_167' title='bbox 1369 1853 1383 1880; x_wconf 87' lang='lat'>,</span> <span class='ocrx_word' id='word_1_168' title='bbox 1415 1817 1517 1876; x_wconf 81' lang='lat' dir='ltr'>ejus</span> 
     </span>
     <span class='ocr_line' id='line_1_25' title="bbox 120 1880 1122 1946; baseline -0.001 -15"><span class='ocrx_word' id='word_1_169' title='bbox 120 1881 269 1931; x_wconf 84' lang='lat' dir='ltr'>filiam</span> <span class='ocrx_word' id='word_1_170' title='bbox 307 1897 610 1946; x_wconf 84' lang='lat' dir='ltr'>nequaquam</span> <span class='ocrx_word' id='word_1_171' title='bbox 647 1880 789 1929; x_wconf 80' lang='lat' dir='ltr'>fuisse</span> <span class='ocrx_word' id='word_1_172' title='bbox 824 1880 1122 1943; x_wconf 81' lang='lat' dir='ltr'>perituram.</span> 
     </span>
    </p>

    <p class='ocr_par' dir='ltr' id='par_1_3' title="bbox 117 1945 1518 2464">
     <span class='ocr_line' id='line_1_26' title="bbox 183 1945 1518 2010; baseline 0 -14"><span class='ocrx_word' id='word_1_173' title='bbox 183 1948 231 1996; x_wconf 75' lang='grc' dir='ltr'>ὁ.</span> <span class='ocrx_word' id='word_1_174' title='bbox 273 1946 454 1995; x_wconf 88' lang='lat' dir='ltr'>Videtis</span> <span class='ocrx_word' id='word_1_175' title='bbox 493 1945 722 2009; x_wconf 81' lang='lat' dir='ltr'>profecto</span> <span class='ocrx_word' id='word_1_176' title='bbox 759 1960 944 2010; x_wconf 84' lang='lat' dir='ltr'>quanto</span> <span class='ocrx_word' id='word_1_177' title='bbox 982 1947 1028 1993; x_wconf 92' lang='lat' dir='ltr'>in</span> <span class='ocrx_word' id='word_1_178' title='bbox 1064 1946 1281 2009; x_wconf 88' lang='lat' dir='ltr'>periculo</span> <span class='ocrx_word' id='word_1_179' title='bbox 1303 1964 1518 1996; x_wconf 80' lang='lat' dir='ltr'>versare-</span> 
     </span>
     <span class='ocr_line' id='line_1_27' title="bbox 119 2011 1513 2075; baseline 0.002 -18"><span class='ocrx_word' id='word_1_180' title='bbox 119 2027 247 2069; x_wconf 89' lang='lat' dir='ltr'>mur,</span> <span class='ocrx_word' id='word_1_181' title='bbox 285 2027 488 2075; x_wconf 88' lang='lat' dir='ltr'>quorum</span> <span class='ocrx_word' id='word_1_182' title='bbox 527 2013 629 2060; x_wconf 82' lang='lat' dir='ltr'>vita</span> <span class='ocrx_word' id='word_1_183' title='bbox 664 2029 723 2060; x_wconf 87' lang='lat' dir='ltr'>ex</span> <span class='ocrx_word' id='word_1_184' title='bbox 760 2011 940 2059; x_wconf 87' lang='lat' dir='ltr'>diaboli</span> <span class='ocrx_word' id='word_1_185' title='bbox 994 2013 1200 2060; x_wconf 86' lang='lat' dir='ltr'>sortibus</span> <span class='ocrx_word' id='word_1_186' title='bbox 1248 2015 1513 2075; x_wconf 88' lang='lat' dir='ltr'>penderet,</span> 
     </span>
     <span class='ocr_line' id='line_1_28' title="bbox 119 2074 1517 2145; baseline 0.004 -23"><span class='ocrx_word' id='word_1_187' title='bbox 119 2074 314 2140; x_wconf 82' lang='lat' dir='ltr'>eiusque</span> <span class='ocrx_word' id='word_1_188' title='bbox 349 2076 616 2125; x_wconf 80' lang='lat' dir='ltr'>satellitum</span> <span class='ocrx_word' id='word_1_189' title='bbox 653 2076 939 2126; x_wconf 84' lang='lat' dir='ltr'>voluntate.</span> <span class='ocrx_word' id='word_1_190' title='bbox 977 2077 1108 2145; x_wconf 83' lang='lat' dir='ltr'>Qid</span> <span class='ocrx_word' id='word_1_191' title='bbox 1144 2080 1342 2126; x_wconf 88' lang='lat' dir='ltr'>tandem</span> <span class='ocrx_word' id='word_1_192' title='bbox 1379 2078 1517 2127; x_wconf 83' lang='lat' dir='ltr'>nobis</span> 
     </span>
     <span class='ocr_line' id='line_1_29' title="bbox 117 2137 1516 2205; baseline 0.002 -19"><span class='ocrx_word' id='word_1_193' title='bbox 117 2137 336 2188; x_wconf 87' lang='lat' dir='ltr'>futurum</span> <span class='ocrx_word' id='word_1_194' title='bbox 376 2140 548 2200; x_wconf 88' lang='lat' dir='ltr'>fuerit,</span> <span class='ocrx_word' id='word_1_195' title='bbox 588 2143 626 2188; x_wconf 90' lang='lat' dir='ltr'>si</span> <span class='ocrx_word' id='word_1_196' title='bbox 662 2144 795 2190; x_wconf 78' lang='lat' dir='ltr'>Deus</span> <span class='ocrx_word' id='word_1_197' title='bbox 832 2142 1071 2190; x_wconf 81' lang='lat' dir='ltr'>acerrimo</span> <span class='ocrx_word' id='word_1_198' title='bbox 1108 2142 1237 2190; x_wconf 86' lang='lat' dir='ltr'>hosti</span> <span class='ocrx_word' id='word_1_199' title='bbox 1272 2142 1516 2205; x_wconf 87' lang='lat' dir='ltr'>permisis-</span> 
     </span>
     <span class='ocr_line' id='line_1_30' title="bbox 126 2206 1515 2269; baseline 0.004 -18"><span class='ocrx_word' id='word_1_200' title='bbox 126 2218 223 2262; x_wconf 86' lang='lat' dir='ltr'>set,</span> <span class='ocrx_word' id='word_1_201' title='bbox 261 2218 316 2253; x_wconf 94' lang='lat' dir='ltr'>ut</span> <span class='ocrx_word' id='word_1_202' title='bbox 354 2221 441 2253; x_wconf 88' lang='lat' dir='ltr'>nos</span> <span class='ocrx_word' id='word_1_203' title='bbox 475 2207 533 2253; x_wconf 92' lang='lat' dir='ltr'>ad</span> <span class='ocrx_word' id='word_1_204' title='bbox 568 2223 699 2254; x_wconf 86' lang='lat' dir='ltr'>suam</span> <span class='ocrx_word' id='word_1_205' title='bbox 739 2206 987 2254; x_wconf 84' lang='lat' dir='ltr'>libidinem</span> <span class='ocrx_word' id='word_1_206' title='bbox 1025 2207 1307 2269; x_wconf 82' lang='lat' dir='ltr'>acciperet.</span> <span class='ocrx_word' id='word_1_207' title='bbox 1332 2209 1515 2256; x_wconf 62' lang='lat' dir='ltr'>Tantas</span> 
     </span>
     <span class='ocr_line' id='line_1_31' title="bbox 120 2270 1516 2333; baseline 0.002 -16"><span class='ocrx_word' id='word_1_208' title='bbox 120 2285 215 2333; x_wconf 78' lang='lat' dir='ltr'>ego</span> <span class='ocrx_word' id='word_1_209' title='bbox 252 2285 307 2316; x_wconf 90' lang='lat' dir='ltr'>ac</span> <span class='ocrx_word' id='word_1_210' title='bbox 344 2283 444 2319; x_wconf 87' lang='lat' dir='ltr'>tam</span> <span class='ocrx_word' id='word_1_211' title='bbox 481 2284 672 2332; x_wconf 82' lang='lat' dir='ltr'>apertas</span> <span class='ocrx_word' id='word_1_212' title='bbox 709 2270 904 2330; x_wconf 84' lang='lat' dir='ltr'>injurias</span> <span class='ocrx_word' id='word_1_213' title='bbox 927 2273 1123 2321; x_wconf 78' lang='lat' dir='ltr'>Christo</span> <span class='ocrx_word' id='word_1_214' title='bbox 1157 2272 1377 2320; x_wconf 89' lang='lat' dir='ltr'>Domino</span> <span class='ocrx_word' id='word_1_215' title='bbox 1400 2287 1516 2320; x_wconf 84' lang='lat' dir='ltr'>exe-</span> 
     </span>
     <span class='ocr_line' id='line_1_32' title="bbox 120 2334 1515 2400; baseline 0.002 -19"><span class='ocrx_word' id='word_1_216' title='bbox 120 2334 311 2381; x_wconf 86' lang='lat' dir='ltr'>crandis</span> <span class='ocrx_word' id='word_1_217' title='bbox 347 2334 437 2381; x_wconf 92' lang='lat' dir='ltr'>illis</span> <span class='ocrx_word' id='word_1_218' title='bbox 472 2337 613 2384; x_wconf 83' lang='lat' dir='ltr'>sacris</span> <span class='ocrx_word' id='word_1_219' title='bbox 651 2337 750 2384; x_wconf 83' lang='lat' dir='ltr'>fieri</span> <span class='ocrx_word' id='word_1_220' title='bbox 787 2339 895 2384; x_wconf 81' lang='lat' dir='ltr'>cum</span> <span class='ocrx_word' id='word_1_221' title='bbox 936 2337 1177 2395; x_wconf 85' lang='lat' dir='ltr'>viderem,</span> <span class='ocrx_word' id='word_1_222' title='bbox 1234 2351 1389 2400; x_wconf 84' lang='lat' dir='ltr'>neque</span> <span class='ocrx_word' id='word_1_223' title='bbox 1431 2351 1515 2385; x_wconf 89' lang='lat' dir='ltr'>eas</span> 
     </span>
     <span class='ocr_line' id='line_1_33' title="bbox 122 2399 1514 2464; baseline -0.001 -16"><span class='ocrx_word' id='word_1_224' title='bbox 122 2399 225 2448; x_wconf 89' lang='lat' dir='ltr'>ullo</span> <span class='ocrx_word' id='word_1_225' title='bbox 262 2400 410 2448; x_wconf 89' lang='lat' dir='ltr'>modo</span> <span class='ocrx_word' id='word_1_226' title='bbox 446 2416 635 2463; x_wconf 86' lang='lat' dir='ltr'>possem</span> <span class='ocrx_word' id='word_1_227' title='bbox 670 2401 958 2464; x_wconf 86' lang='lat' dir='ltr'>prohibere,</span> <span class='ocrx_word' id='word_1_228' title='bbox 994 2402 1157 2464; x_wconf 78' lang='lat' dir='ltr'>saepius</span> <span class='ocrx_word' id='word_1_229' title='bbox 1191 2403 1219 2449; x_wconf 72' lang='grc' dir='ltr'>ὲ</span> <span class='ocrx_word' id='word_1_230' title='bbox 1255 2403 1369 2451; x_wconf 82' lang='lat' dir='ltr'>Deo</span> <span class='ocrx_word' id='word_1_231' title='bbox 1405 2416 1514 2462; x_wconf 78' lang='lat' dir='ltr'>pre·</span> 
     </span>
    </p>

    <p class='ocr_par' dir='ltr' id='par_1_4' title="bbox 155 2466 1458 2515">
     <span class='ocr_line' id='line_1_34' title="bbox 155 2466 1458 2515; baseline -0.002 1"><span class='ocrx_word' id='word_1_232' title='bbox 155 2477 159 2480; x_wconf 87' lang='grc'><strong>’</strong></span> <span class='ocrx_word' id='word_1_233' title='bbox 782 2466 821 2514; x_wconf 91' lang='lat' dir='ltr'><strong>K</strong></span> <span class='ocrx_word' id='word_1_234' title='bbox 857 2483 886 2515; x_wconf 81' lang='lat'><em>2</em></span> <span class='ocrx_word' id='word_1_235' title='bbox 1374 2480 1458 2515; x_wconf 79' lang='lat' dir='ltr'>ca-</span> 
     </span>
    </p>
   </div>
  </div>
 </body>
</html>
