1803 3076
381 302 575 355 EPIST.
610 305 657 352 S.
691 298 938 351 FRANC.
973 301 1133 349 XAV.
1310 319 1404 369 491

79 395 118 447 ti
154 396 356 459 probare
391 397 704 445 contendite.
744 397 795 443 Id
830 394 1176 466 assequemini,
1195 396 1467 448 sichristia·

80 479 190 510 nam
225 461 569 520 humilitatem,
608 463 663 512 Sc
697 462 909 510 sensibus
956 461 1134 510 intimis
1182 461 1424 510 colueritis
1451 491 1466 519 ,

80 530 135 578 &
172 527 377 574 moribus
414 542 602 589 express
608 528 735 574 eritis
770 543 826 575 ac
862 525 998 575 vita:
1032 525 1161 589 quod
1200 527 1260 573 ad
1304 528 1468 576 existi-

77 593 342 639 mationem
379 592 790 655 autoritatemque
827 591 1034 648 attinet,
1072 602 1231 639 totum
1268 591 1312 639 id
1353 595 1467 642 Deo

83 656 449 716 permittentes>
468 673 544 720 qul
585 657 692 704 vob
690 672 718 703 s
755 672 861 704 eam
898 656 998 727 ipse
1033 671 1116 718 per
1150 666 1198 703 se
1233 657 1468 705 concilia-

77 720 147 768 bit
183 718 441 782 p:rofectt>
467 721 649 784 quodsi
687 720 848 770 facere
884 721 1131 779 omiserit,
1176 722 1332 770 vestra
1352 738 1466 769 cau-

78 785 129 833 sa
166 738 274 833 vpide
281 783 428 846 licet,
465 802 525 833 ne
547 802 648 850 quae
688 788 783 834 Dei
820 798 959 844 sunt,
997 785 1238 834 vobismet
1272 797 1467 852 arroge-

78 849 167 908 tis,
204 851 448 899 omiserit.
489 850 606 898 111111
646 867 761 898 vero
799 866 897 897 vos
919 866 1011 916 ego
1048 849 1195 898 etiam
1231 863 1379 915 atque
1415 869 1466 899 e-

74 913 195 962 tiam
231 916 478 971 obtestor,
516 928 571 962 ut
607 931 769 963 veram
805 917 932 962 inter
968 931 1053 963 vos
1100 931 1267 976 pacem
1322 928 1470 980 atque

76 980 390 1027 concoiiiam
429 980 555 1026 omni
595 981 786 1027 ratione
839 980 1089 1027 retineatis
1124 998 1136 1039 3
1187 996 1473 1044 summaque

77 1060 172 1116 ope
195 1043 441 1100 nitamini,
466 1057 517 1092 ut
555 1060 711 1107 nequa
748 1060 795 1091 1’1
813 1044 948 1092 vobis
966 1043 1148 1091 semina
1172 1046 1473 1094 dissensionis

74 1109 318 1168 existant,
357 1109 611 1169 praeclaros
649 1109 754 1156 illos
791 1124 975 1157 vestros
1011 1121 1216 1156 conatus
1263 1126 1319 1158 ac
1370 1123 1468 1158 stu-

74 1173 151 1220 dia
189 1173 404 1234 patiendi
441 1190 528 1235 pro
549 1173 746 1221 Christo
768 1169 1242 1221 conferatisinterim
1265 1176 1324 1221 ad
1361 1191 1465 1221 om-

73 1253 185 1285 nem
221 1237 466 1285 discordiae
501 1238 717 1296 spiritum
749 1237 1115 1293 debellandum,
1140 1254 1374 1286 memores
1395 1237 1468 1286 af·
1522 1286 1526 1288 ,

73 1303 284 1350 firmasse
319 1303 589 1361 Christum,
627 1304 684 1350 ea
719 1317 768 1350 re
803 1317 911 1349 suos
948 1303 1199 1368 cognitum
1237 1302 1382 1362 iri‚si
1418 1316 1468 1353 se

77 1366 333 1432 diligerent
368 1367 608 1415 invicem.
626 1368 844 1416 Gratiam
882 1383 1011 1414 suam
1052 1370 1185 1414 Deus
1228 1368 1371 1415 Domi
1382 1384 1467 1416 nus

78 1445 271 1489 noster,
318 1446 373 1479 ac
422 1432 727 1480 voluntatem
779 1432 949 1480 animis
1001 1431 1174 1480 nostris
1223 1432 1461 1493 insinuet,

77 1513 175 1559 quo
212 1513 271 1544 ex
306 1513 362 1546 ea
398 1501 537 1560 quam
577 1497 784 1545 maxime
820 1509 996 1544 cuncta
1035 1496 1300 1546 faciamus.
1337 1499 1465 1545 Can-

73 1561 272 1626 goxima
308 1561 466 1609 Nonis
504 1563 796 1611 Novembris
824 1597 835 1610 .
867 1568 960 1610 An.
997 1579 1136 1627 1549.

203 1692 358 1740 Totus
393 1703 553 1741 vester
587 1691 635 1739 in
673 1692 868 1740 Christo
903 1692 1018 1754 Jesu
1043 1691 1264 1743 Domino
1296 1703 1465 1744 nostro

741 1826 1009 1871 Franciscus
1045 1824 1316 1871 Xaverius.

78 1950 191 1995 Cum
227 1950 312 1998 hac
344 1953 663 2028 subscriptione
680 1952 803 2001 edita
843 1966 908 2000 est
944 1957 990 2000 in
1025 1955 1172 2000 literis
1212 1955 1378 2000 annuis
1411 1955 1462 2003 S.

129 2015 176 2077 J.
212 2017 364 2063 eadem
399 2020 588 2077 epistola
623 2020 845 2088 inscripta
881 2017 1110 2082 Collegio
1133 2016 1463 2065 scholastico-

141 2093 240 2126 rum
278 2080 743 2130 Conimbricensium
782 2085 828 2131 S.
863 2082 908 2145 J.

1272 2482 1398 2534 EPI-
