1803 3076
225 262 855 317 EPISTOLARUM.Lib.
871 266 968 312 111.
1001 265 1086 327 Ep.
1125 266 1268 315 ΧΧι.
1374 285 1463 336 195

128 362 220 413 sius
260 360 355 410 Dei
393 358 604 418 subrepit
639 354 860 405 oblivio:
909 354 1139 420 quocirca
1189 359 1416 407 eximiam
1467 364 1517 412 in

131 442 251 486 τιος,
287 428 379 473 hoc
413 422 562 470 etiam
599 425 799 469 nomine
823 453 833 478 ‚
858 422 955 469 Dei
977 420 1331 486 bemgnitatem
1368 441 1518 490 expe·

128 492 306 538 rimur:
349 487 429 552 qui
466 503 606 545 cum,
646 487 734 534 hac
769 487 1071 549 suscipienda
1123 503 1517 553 peregrinatione

130 554 327 618 aliquod
361 565 590 614 praestare
631 565 714 597 nos
752 551 820 598 illi
870 565 1147 608 putaremus
1199 555 1519 617 obsequium3

128 620 213 681 ipsi
251 633 335 664 nos
373 631 533 678 potius
572 616 800 681 singulari
835 615 1046 675 ejusdem
1085 618 1323 667 beneficio
1370 621 1520 670 affec·

98 698 232 741 rtos,
273 681 530 744 multisque
569 680 771 728 vinculis
807 683 991 730 solutos
1026 698 1375 748 agnoscimus,
1413 702 1518 750 quae

124 764 256 809 spem
295 758 508 794 nostram
546 762 603 793 ac
640 746 781 793 fidem
822 763 918 809 quo
956 747 1107 794 minus
1145 763 1408 809 cresceret,
1447 751 1520 798 di-

129 812 413 869 stinebant,
451 828 552 875 quae
590 811 732 872 ipsxus
768 812 815 859 in
864 828 947 859 nos
1003 824 1143 860 tanta
1197 817 1370 862 merita
1407 848 1419 874 ,
1458 831 1518 864 ne

126 877 252 926 male
287 877 454 924 locata
493 877 620 934 sint,
659 891 782 924 neve
818 890 983 924 nostra
1019 876 1189 937 culpa,
1241 879 1516 945 ingratique

124 943 272 990 animi
311 941 431 989 vitio
469 941 638 988 divinae
675 956 787 1005 erga
823 957 907 988 nos
946 942 1278 992 beneficentiae
1317 961 1506 993 exares-

123 1021 207 1057 cat
243 1009 441 1064 flumen,
482 1021 566 1052 vos
603 1005 748 1051 etiam
784 1006 923 1053 isthic
946 1023 1163 1071 ‚quaeso‚
1204 1009 1339 1056 nobis
1374 1010 1423 1056 in
1461 1026 1512 1057 a-

123 1072 292 1143 gendis
325 1070 492 1135 gratiis
528 1068 810 1118 subvenite.
832 1071 906 1118 Ad
930 1072 1163 1119 haecillud
1202 1090 1394 1137 quoque
1418 1089 1520 1123 non

125 1146 233 1185 reve
271 1136 575 1183 commodum
613 1135 828 1193 accedit,
868 1138 997 1199 quod
1033 1136 1218 1184 deliciis
1272 1140 1326 1186 iis
1362 1173 1373 1199 ,
1411 1156 1518 1203 quae

129 1200 242 1248 alibi
275 1199 427 1247 carnis
461 1197 685 1246 stimulos
722 1198 932 1258 irritare,
971 1199 1216 1264 animique
1255 1205 1309 1255 ὃς
1345 1221 1518 1267 corpo-

124 1266 186 1315 ris
223 1265 345 1315 vires
384 1262 544 1311 solent
580 1262 872 1330 infringere,
910 1266 992 1312 hic⁴
1025 1280 1242 1313 caremus
1281 1269 1481 1318 omnino
1505 1304 1518 1316 .

126 1330 320 1381 Etenim
355 1328 554 1391 Japonii
593 1328 775 1376 nullum
813 1328 949 1378 altile
987 1342 1208 1379 mactant
1245 1331 1321 1380 vel
1357 1349 1518 1381 come-

125 1398 274 1444 dunt.
312 1398 446 1443 Pisce
484 1408 742 1443 vescuntur
777 1393 1044 1454 interdum,
1068 1412 1221 1458 oryza
1258 1398 1312 1448 &
1349 1397 1518 1447 tritico

126 1477 227 1509 non
263 1460 540 1507 abundant.
577 1459 750 1507 Herbis
786 1461 840 1512 δι
901 1461 1124 1508 arborum
1180 1459 1414 1510 fructibus
1465 1474 1521 1511 ut

129 1526 384 1588 plurimum
421 1524 650 1573 victitant
676 1561 687 1573 .
724 1525 785 1572 Et
822 1525 1015 1588 quidem
1052 1524 1123 1573 ita
1172 1543 1401 1590 prospera
1436 1543 1521 1576 va-

129 1591 350 1639 letudine
386 1589 446 1636 ad
481 1588 684 1637 multam
737 1605 884 1652 usque
939 1602 1242 1639 senectutem
1294 1604 1520 1651 utuntur,

128 1670 182 1703 ut
218 1654 362 1703 facile
397 1668 665 1718 appareat,
704 1670 847 1718 quam
884 1656 1046 1717 paucis
1083 1655 1173 1714 sit,
1206 1658 1377 1705 eadem
1416 1674 1520 1721 quae

127 1720 343 1784 alioquin
382 1734 453 1767 est
489 1719 800 1778 insatiabilis,
840 1732 1014 1768 natura
1050 1733 1214 1769 nostra
1249 1736 1519 1771 contenta.

129 1788 235 1833 Nos
273 1801 464 1849 quoque
499 1801 706 1847 corpore
743 1784 955 1834 valemus
1002 1798 1168 1835 recte:
1207 1789 1394 1836 utinam
1435 1804 1521 1853 pe-

130 1850 267 1900 rinde
303 1849 466 1897 animo
506 1850 810 1898 valeremus.

195 1920 241 1964 ὁ.
278 1917 454 1962 Eorum
491 1915 569 1978 qui
608 1913 792 1962 nefaria
830 1913 964 1975 hujus
999 1914 1164 1966 insulae
1188 1934 1322 1966 sacra
1345 1933 1518 1981 procu-

127 1995 270 2039 rant,
307 1995 480 2044 magna
516 1992 588 2028 est
621 1981 881 2028 muit1tudo
905 1999 914 2030 :
939 1981 969 2026 ii
994 1997 1170 2042 carne,
1207 1986 1336 2046 pisce
1372 1983 1518 2031 vino-

129 2061 221 2107 que
257 2044 348 2092 suis
382 2044 567 2109 legibus
606 2045 881 2093 abstinent:
921 2047 1070 2096 semel
1107 2061 1300 2096 tantum
1356 2046 1518 2112 quoti-

127 2109 204 2156 die
241 2109 499 2170 cibum,et
536 2126 643 2158 eum
682 2111 1112 2176 quidemexiguum
1133 2125 1521 2176 capiuntmom-

129 2175 287 2236 plures
323 2175 498 2233 etiam,
536 2174 822 2223 clericorum
862 2176 1016 2225 ferme
1053 2177 1323 2226 retinentes
1378 2191 1522 2224 orna-

127 2254 260 2295 tum,
298 2239 516 2300 capitalis
552 2254 683 2287 metu
722 2241 935 2302 supplicii
966 2258 992 2288 a
1019 2243 1266 2291 mulierum
1319 2257 1526 2289 consue-

125 2303 294 2350 tudine
328 2305 675 2366 prohibentur.
713 2306 900 2374 Qibus
935 2306 1004 2353 illi
1039 2309 1286 2366 rebu5‚&
1308 2305 1524 2369 antiqui-

127 2368 241 2416 tatis
275 2367 450 2433 peritia
488 2371 725 2433 quadam,
783 2371 838 2421 <Sc
891 2373 1285 2434 superstitionum
1332 2386 1523 2484 ⁵¹¹}mm

785 2437 834 2484 N
872 2450 900 2485 2
1412 2451 1461 2483 a·
