1803 3076
377 303 470 356 190
637 285 686 334 s,
720 280 1083 333 FRANCISCI
1118 281 1407 333 XAVERII

313 392 388 431 tos
408 381 588 429 habent
606 377 654 427 in
689 379 915 428 caenobiis
953 378 1072 426 filios
1096 378 1689 441 optimatunhinstituen.

308 448 395 494 dos
429 446 616 494 literis:
662 445 833 492 horum
884 446 1043 492 aetatis
1096 446 1214 493 flore
1270 446 1567 493 abutuntur.
1608 445 1709 497 De‘

310 511 504 559 Bonziis
542 510 729 574 quidam
768 520 877 555 sunt
916 509 1051 555 cultu
1088 512 1300 570 corporis
1323 511 1498 557 nostris
1518 526 1686 558 mona-

306 577 408 624 chis
445 591 542 622 non
578 572 844 630 abs1m1les‚
886 573 1097 620 vestibus
1136 586 1335 622 utuntur
1368 573 1575 622 cineritii
1605 592 1686 625 co·

306 639 457 687 loris;
496 640 642 687 tertio
681 636 756 684 vel
795 651 967 697 quarto
1006 653 1201 700 quoque
1238 638 1313 687 die
1348 637 1579 700 capillum
1630 656 1689 689 ac

301 704 497 751 barbam
535 703 724 765 penitus
763 702 983 747 videntur
1017 701 1245 750 abradere
1284 718 1295 749 ε
1334 704 1501 750 horum
1537 705 1695 754 laxior

304 769 455 816 etiam
478 780 551 816 est
571 764 820 826 disciplina
843 783 857 812 :
880 764 1170 830 muliebres(
1194 766 1472 829 quibuscum
1496 770 1694 836 vivunt)

301 832 513 887 eiusdem
551 832 728 879 ordinis
765 829 943 876 babent
995 843 1176 878 caetus:
1231 847 1348 894 quas
1395 830 1523 878 fama
1576 849 1692 881 con-

301 909 514 944 sentiens
554 909 625 944 est
657 928 667 953 ‚
705 907 1034 958 praegnanteS,
1072 907 1262 956 partum
1321 897 1688 946 medicamentis

301 961 533 1025 abigere:
574 963 740 1023 itaque
777 969 840 1006 o‘o
876 975 983 1007 eam
1017 974 1115 1006 rem
1152 960 1278 1021 apud
1329 959 1690 1011 multitudinem

300 1027 562 1073 admodum
600 1026 797 1072 audiunt
835 1026 995 1073 male:
1035 1039 1124 1072 uec
1160 1040 1272 1071 sane
1312 1027 1333 1085 (
1371 1040 1604 1088 quantum
1640 1044 1689 1076 e.

298 1104 492 1156 gomet,
515 1091 722 1152 ipsorum
743 1089 903 1152 aliqua
938 1105 997 1137 ex
1036 1102 1173 1150 parte
1210 1087 1302 1145 iam
1340 1091 1547 1155 cognitis
1585 1108 1688 1140 mo·

297 1157 456 1214 ribus,
496 1153 709 1213 iudicare
744 1171 933 1217 possum
969 1156 992 1218 )
1043 1152 1215 1211 iniuria
1240 1189 1250 1200 .
1289 1157 1394 1203 Hos
1447 1157 1593 1215 inter,
1632 1158 1691 1210 δε

297 1221 422 1271 alios
457 1236 576 1283 quos
615 1219 709 1267 dixi
744 1220 1036 1268 sacrificulos
1073 1224 1093 1283 (
1132 1219 1161 1264 ii
1197 1217 1483 1267 clericorum
1531 1219 1684 1271 ferme

297 1297 501 1334 utuntur
534 1297 708 1332 ornatu
733 1290 750 1344 )
774 1284 966 1333 minime
1004 1284 1269 1332 contenit.
1296 1286 1410 1331 Duo
1447 1286 1688 1349 piaecipue

293 1350 343 1397 in
381 1351 469 1396 hac
505 1361 632 1396 terra
669 1350 787 1396 mibi
825 1366 959 1410 paene
995 1361 1240 1410 stuporem
1278 1348 1523 1397 incutiunt
1552 1386 1562 1396 .
1600 1351 1686 1398 Al-

300 1428 459 1463 terum
493 1430 637 1477 quam
676 1412 840 1478 gravia
891 1429 1134 1477 quamque
1194 1410 1404 1460 nefanda
1455 1429 1686 1476 peccata,

294 1495 438 1544 quam
477 1479 607 1526 nihili
628 1479 781 1537 fiant,
821 1493 972 1542 atque
1010 1480 1053 1525 id
1091 1476 1312 1525 nimirum
1367 1480 1546 1528 accidit
1583 1495 1682 1528 ma·

295 1560 424 1592 xime
461 1557 650 1605 patrum
687 1543 828 1601 culpa
854 1560 863 1591 :
889 1545 969 1607 qui
1005 1542 1234 1590 traditam
1269 1543 1360 1589 sibi
1393 1555 1495 1591 tum
1533 1559 1558 1590 a
1596 1560 1682 1592 na-

291 1621 567 1669 tura2tu1n
606 1607 815 1671 aliquam
871 1607 1075 1657 fortasse
1126 1608 1273 1655 etiam
1329 1624 1357 1654 a
1411 1606 1677 1664 majoribus

289 1689 507 1721 normam
545 1686 677 1721 recte
715 1673 947 1732 vivendi,
986 1686 1262 1732 corruptam
1317 1671 1403 1734 ipsi
1455 1672 1681 1737 deinceps

289 1754 348 1785 ac
384 1739 697 1798 depravatam
736 1738 936 1799 posteris
975 1736 1301 1800 reliquerunt:
1342 1748 1394 1784 ut
1429 1753 1484 1784 ex
1539 1738 1632 1786 hoc
1659 1771 1672 1798 ,

291 1803 456 1850 obiter
493 1802 606 1849 illud
645 1802 789 1849 etiam
845 1813 1110 1862 appareat,
1164 1802 1568 1863 quemadmodum
1606 1802 1675 1850 in-

288 1868 533 1915 communi
576 1867 704 1923 vita,
742 1867 967 1913 naturalis
1003 1865 1198 1929 igniculi
1253 1865 1505 1927 probitatis
1536 1899 1547 1920 ,
1589 1883 1675 1929 pu-

284 1932 546 1995 guantibus
582 1947 688 1977 cum
729 1945 899 1977 natura
936 1931 1062 1978 vitiis
1096 1930 1346 1993 paullatim
1379 1930 1568 1992 penitus
1589 1948 1673 1979 ex-

284 1999 598 2061 tinguuntur:
638 1997 703 2043 sic
741 1999 786 2042 in
828 1995 927 2043 vita
964 1993 1210 2057 perfecta,
1254 1995 1486 2043 virtutum
1537 1996 1671 2043 habi-

285 2073 361 2108 tus
395 2061 511 2108 licet
547 2058 639 2115 iam
674 2060 1105 2118 constitutOS,1iisi
1142 2059 1327 2107 assidua
1362 2075 1419 2107 ac
1455 2059 1658 2124 diligens

283 2140 396 2173 cura
432 2124 645 2172 adhibita
682 2127 770 2184 sit,
808 2124 1150 2173 remissioribus
1187 2123 1355 2173 officiis
1404 2123 1670 2173 labefacta-

281 2191 319 2238 ri
357 2191 560 2248 sensim,
599 2205 654 2236 ac
691 2191 905 2238 destrui.
928 2189 1145 2238 Alterum
1183 2201 1286 2248 est,
1309 2204 1393 2236 cur
1426 2189 1472 2236 hi
1510 2203 1666 2237 sacer-

282 2255 457 2313 dotes,
494 2270 599 2301 «tum
639 2270 727 2302 nec
763 2254 1042 2319 integritate
1100 2270 1188 2303 nec
1239 2253 1518 2301 innocentia
1570 2253 1668 2302 sint

279 2335 389 2367 cum
426 2319 711 2366 secularibus
759 2320 1070 2381 comparandi
1111 2352 1122 2372 ,
1158 2330 1301 2367 tanto
1355 2317 1667 2365 nihilominus

279 2384 407 2447 apud
441 2400 523 2432 eos
558 2384 606 2433 in
640 2386 826 2434 honore
860 2397 1006 2450 atque
1041 2382 1399 2434 existimatione
1435 2382 1559 2429 sint.
1597 2383 1662 2433 Et

1432 2460 1598 2511 quam-
