1803 3076
152 287 668 343 EPISTOLARUM.
690 285 893 336 Lib.1V.
910 287 999 351 Ep.
1020 287 1192 335 ΧΧιι.
1271 288 1367 354 369

35 386 242 455 gloriam
294 386 348 437 δι
385 385 616 431 solatium
667 396 923 444 mutuum,
955 397 1175 431 successu
1212 381 1436 433 laborum

38 467 263 508 suorum,
301 454 420 498 cisra
457 448 820 514 sugillationem
859 450 1027 506 ullius,
1070 447 1315 511 querelam
1366 448 1439 496 in-

40 529 414 576 tempestivam,
439 528 524 563 aut
560 529 890 576 importunam
929 527 1330 562 enunciationem
1363 526 1439 561 ta-

44 585 460 633 cendorum.12ae
520 580 714 628 inscri'oi
767 592 1003 643 poterunt
1053 578 1226 641 partim
1282 579 1440 627 Sociis

41 647 550 704 Conimbricensibus,
590 650 699 694 tota
735 662 819 707 per
854 648 983 708 ipsos
1019 643 1260 707 Hispanla
1312 660 1442 706 spar-

43 714 246 782 gendae3
285 725 458 774 partim
501 718 676 760 Romae
723 713 1008 777 degentibus
1044 744 1055 770 ‚
1105 726 1161 757 ac
1215 724 1442 773 quoquo-

47 793 236 828 versum
275 793 358 838 ρει*
407 780 649 838 Europam
699 779 936 840 reliquam
989 776 1166 826 diffusis
1227 776 1444 823 Patribus

45 845 101 897 ἃ
141 846 377 892 Fratribus
416 841 707 891 societatis,
747 845 981 891 Praeterea
1019 854 1069 891 tu
1107 841 1334 902 privatim
1382 840 1445 887 ad

50 913 319 960 Rectorem
360 907 576 972 Collegii
628 907 1038 957 oonimbricensis
1087 909 1144 955 de
1197 918 1328 954 statu
1382 920 1442 953 ac

49 973 209 1022 fructu
247 974 313 1022 tui
353 971 488 1031 hujus
524 972 735 1037 collegii
771 974 934 1025 Goani
971 972 1229 1021 scribendo
1267 971 1449 1019 indica-

48 1039 120 1087 bis
172 1054 231 1088 ea
289 1037 462 1102 quibus
518 1039 654 1085 illum
691 1038 968 1101 gavisurum
1008 1037 1220 1103 cognitis
1240 1036 1451 1084 arbitra-

55 1106 203 1153 bere:
243 1118 332 1150 nec
372 1106 491 1150 vero
528 1103 588 1150 ad
625 1105 761 1163 hujus
798 1101 1024 1162 judicium
1063 1102 1206 1150 solius
1241 1134 1253 1161 ,
1301 1101 1449 1164 scrip-

51 1168 202 1219 tionis
239 1179 332 1215 tuae
369 1165 580 1214 formam
620 1171 819 1232 exigas:
860 1169 980 1217 alios
1017 1169 1180 1233 cogita
1219 1166 1451 1231 plurimos

53 1232 423 1296 cujusquemodi
463 1233 656 1281 Ordinis
693 1236 812 1282 illud
847 1246 983 1282 tuum
1022 1235 1255 1296 scripturn
1294 1234 1450 1296 (nam

52 1300 170 1349 talia
208 1300 383 1360 cupide
424 1298 642 1347 visuntur
679 1300 735 1350 δε
774 1299 874 1347 late
898 1306 1229 1364 sparguntur)
1266 1312 1450 1359 expen-

52 1380 217 1424 suros3
255 1378 461 1428 quorum
501 1378 671 1413 timere
727 1381 782 1411 ac
838 1378 1130 1425 praevertere
1179 1378 1404 1412 censuras
1437 1393 1459 1422 >

57 1431 253 1494 pudoris
290 1444 347 1476 ac
387 1431 653 1490 prudentiae
695 1443 789 1477 tuae
826 1428 1007 1478 fuerit:
1048 1430 1162 1493 quin
1216 1429 1271 1480 ὅτ
1324 1427 1454 1474 insu·

60 1512 146 1559 per
183 1495 294 1542 dare
331 1510 562 1555 operam,
589 1509 641 1543 ut
679 1511 780 1542 non
816 1497 970 1542 solum
1007 1496 1110 1543 sine
1148 1492 1457 1552 offensione,

59 1562 228 1610 verum
267 1575 375 1606 cum
414 1558 643 1619 profectu
680 1560 983 1624 legentium,
1022 1559 1295 1608 curiositati
1345 1571 1457 1620 pos-

60 1626 122 1674 sit
159 1625 363 1688 publicae
401 1624 622 1673 satisfieri
659 1626 757 1673 istis
793 1629 820 1673 a
857 1640 906 1675 te
943 1625 1143 1691 digestis
1178 1623 1458 1673 Indicarum

59 1707 218 1739 rerum
255 1689 619 1738 narrationibus
656 1691 944 1755 vulgandis.

135 1774 209 1806 ιο.
249 1755 443 1818 Proprie
479 1767 695 1804 nostrum
735 1759 939 1805 Beatum
983 1757 1170 1803 Patrem
1206 1752 1456 1819 Ignatiuru

68 1822 277 1874 edoceas
315 1822 542 1871 accurate
579 1821 768 1883 scriptis
804 1822 953 1869 literis
989 1836 1170 1868 censeo
1207 1852 1218 1878 ,
1257 1818 1458 1883 quanti,

63 1888 124 1935 ad
165 1887 256 1935 Dei
291 1886 498 1950 gloriam
536 1888 921 1949 promovendam
960 1886 1008 1933 in
1045 1885 1112 1934 his
1151 1885 1296 1933 Indiae
1348 1900 1458 1947 par-

68 1953 229 2011 tibus,
273 1954 327 2002 ὅζ
363 1950 643 2012 profectum
681 1950 915 2012 majorem
968 1951 1233 1999 animarum
1288 1964 1463 2012 procu-

72 2019 310 2075 randum,
348 2015 537 2064 intersit
573 2017 823 2079 impetrari
861 2033 946 2078 per
981 2033 1090 2064 eum
1128 2016 1235 2064 istic
1271 2019 1300 2064 a
1337 2029 1464 2061 sum-

75 2099 156 2130 mo
196 2081 468 2140 Pondfice,
526 2095 701 2130 nostrae
738 2099 821 2144 per
857 2085 943 2130 hos
978 2095 1162 2130 tractus
1219 2076 1466 2129 societati

72 2147 250 2212 gratias
287 2146 588 2207 spirituales,
627 2161 743 2208 puta
779 2147 1103 2213 indulgentias
1139 2145 1377 2209 plenarias
1408 2143 1467 2191 iis

75 2210 348 2274 propositas
384 2211 464 2275 qui
499 2215 559 2260 ad
595 2211 898 2274 poenitentiae
935 2214 986 2265 (ἵε
1028 2210 1340 2261 Eucharistiae
1376 2212 1464 2258 Sa-

75 2288 329 2324 cramenta
363 2278 452 2325 rite
489 2277 812 2325 accesserint.
849 2279 1120 2337 Oporteret
1175 2289 1340 2324 autem
1391 2289 1467 2323 re-

78 2343 177 2389 dire
214 2341 478 2403 aliquoties
515 2359 597 2404 per
630 2358 810 2389 annum
847 2381 860 2404 ‚
909 2342 1038 2389 festis
1093 2340 1283 2390 scilicet
1333 2339 1467 2388 cel‘e·

77 2407 345 2467 brioribuS,
382 2405 504 2455 sacri
538 2405 639 2467 ejus
675 2407 792 2454 lucri
832 2407 1228 2471 opportunitates
1277 2403 1468 2470 populis

77 2473 201 2522 som.
236 2479 304 2521 11.
702 2478 746 2523 A
781 2488 810 2521 a
1317 2471 1405 2521 ob-
