1803 3076
226 295 731 347 EPISTOLARUM.
748 296 851 343 Lib.
874 297 952 345 IV.
973 296 1058 359 Ep.
1080 297 1266 345 XXIV.
1329 311 1420 366 39¹

104 393 191 442 nisi
227 396 254 441 “a
288 393 380 440 suis
415 390 586 455 procul
641 391 830 439 missum
875 390 1155 439 demensum
1212 390 1492 454 accipiant*>

169 476 215 522 4.
251 461 378 505 Ante
412 458 577 504 omnia
615 458 910 521 magnopere
948 454 1066 509 volo
1117 456 1146 503 a
1199 468 1249 503 te
1302 455 1494 507 solicite

106 522 289 580 curari,
331 534 383 569 ut
418 536 478 569 κε
515 522 726 569 alienum
763 524 792 571 a
816 519 1044 585 Collegio
1068 533 1376 568 contractum
1398 522 1491 570 dis-

111 586 356 636 solvatur:
395 601 507 632 nam
545 586 748 635 detine-xi
787 602 886 634 rem
922 586 1131 634 ahenam
1184 587 1244 633 ab
1297 601 1359 633 eo
1409 585 1495 650 qui.

108 662 272 715 potest
307 652 545 711 reddere,
586 650 722 699 nefas
760 664 863 708 est,
900 651 960 697 ad
999 651 1096 699 Dei
1145 649 1383 700 offensam
1431 651 1491 703 &

108 715 349 766 maculam
386 715 534 763 animi
571 716 815 775 pertinens
838 733 847 763 ε
870 730 927 763 ac
949 727 1181 778 praeterea
1219 714 1388 769 iustam
1406 733 1495 778 po-

111 781 225 844 pulo
264 780 478 841 praebens
515 781 801 830 offensionis
838 796 1068 829 causam:
1105 796 1281 844 quare,
1318 779 1497 830 iterum

112 848 262 894 etiam
301 858 450 908 atque
487 847 638 894 etiam
676 844 871 894 inculco
909 878 921 906 ,
972 861 1094 893 cave
1147 845 1192 893 id
1246 845 1487 910 negligas,

111 911 222 971 quin
258 926 455 958 omnem
491 923 722 959 conatum
762 912 816 961 &
865 910 1240 958 contentionem
1291 911 1492 971 adhibe,

110 989 164 1022 ut
199 974 330 1021 nulla
366 987 467 1022 tam
506 975 703 1029 iusto&
726 976 927 1023 instanti
964 973 1131 1022 officio
1167 972 1304 1023 mcira
1340 975 1493 1025 inter-

110 1051 351 1103 ponatur.
388 1044 499 1088 Hoc
536 1055 588 1088 ut
625 1039 783 1087 facere
821 1039 968 1099 possis
1004 1071 1026 1096 ,ι
1053 1039 1257 1088 aedificia
1311 1055 1372 1088 ne
1423 1042 1498 1088 in-

113 1117 282 1166 ceptes
318 1120 479 1162 nova,
519 1121 608 1153 nec
644 1103 864 1152 absolvas
901 1104 1132 1152 inchoata
1166 1141 1178 1153 .
1214 1103 1314 1152 Etsi
1369 1105 1498 1153 enim

111 1170 314 1232 anguste
351 1168 652 1217 habitamus:
693 1181 854 1216 tamen
893 1168 941 1214 id
975 1171 1104 1231 quod
1155 1169 1304 1234 magis
1358 1182 1500 1235 urget

114 1235 508 1296 praevertendum
548 1248 651 1282 est.
689 1231 948 1281 Persolutis
985 1234 1185 1293 debitis,
1224 1247 1327 1282 tum
1380 1236 1497 1284 san&

114 1298 289 1345 sensim
329 1297 559 1347 attollere
594 1310 886 1359 structura-3,
925 1299 980 1349 δί
1016 1298 1278 1361 perducere
1314 1300 1376 1347 ad
1425 1297 1498 1347 fa·

114 1362 283 1428 tigium
313 1362 480 1412 licebit
501 1399 513 1410 .

185 1448 225 1492 5.
263 1429 316 1474 In
353 1427 629 1476 universum
666 1439 827 1476 autem
865 1427 1010 1488 vide,
1047 1441 1102 1478 ut
1138 1428 1285 1493 longe
1334 1443 1499 1491 poste-

116 1491 212 1540 1iot
247 1491 336 1539 tibi
371 1509 486 1540 cura
519 1493 579 1541 sit
613 1493 924 1541 aedificiorum
966 1509 1070 1556 quae
1107 1493 1267 1557 lapide
1304 1510 1362 1541 ac
1409 1513 1501 1544 cae-

117 1569 285 1606 mento
321 1572 848 1621 congerunrut,quan1
887 1557 1206 1619 spiritualium
1242 1559 1340 1607 Dei
1374 1571 1500 1609 tem-

115 1622 416 1685 plorum.Hi
452 1636 561 1671 sunt
597 1624 725 1669 Socii
763 1624 818 1674 &
855 1623 1050 1672 Alumni
1085 1636 1178 1672 tuae
1215 1623 1324 1671 fidei
1364 1639 1500 1674 com-

116 1687 272 1747 missi,
312 1687 358 1734 in
395 1704 514 1750 quos
550 1686 778 1745 alendos,
816 1686 1094 1748 fovendos,·
1119 1689 1165 1736 in
1202 1689 1361 1750 primis
1383 1695 1503 1739 verb

116 1752 176 1800 ad
212 1750 488 1813 profectum
525 1753 712 1800 virtutis
749 1753 1063 1813 excitandos,
1101 1753 1373 1814 primarium
1423 1767 1502 1803 tu-

119 1831 197 1863 um
236 1815 467 1880 evigilare
502 1818 710 1865 studium
747 1834 830 1879 par
867 1830 940 1866 est
963 1854 974 1865 .
996 1819 1120 1868 Sunt
1137 1831 1303 1867 tamen
1331 1819 1505 1884 (scio)

124 1880 327 1928 aedificia
363 1897 465 1943 quae
501 1881 679 1929 differri
716 1895 995 1944 nequeunt,
1019 1896 1135 1945 puta
1171 1885 1389 1932 maceriae
1414 1885 1507 1932 cir-

125 1945 393 1992 cumdantis
429 1947 620 1994 hortum
659 1947 982 1996 domesticum
1011 1981 1021 2003 ‚
1060 1949 1115 1999 &
1146 1949 1419 1997 obstructio
1455 1965 1508 1996 a·

126 2010 253 2057 ditus
288 2009 518 2069 AEfflum,
555 2011 592 2057 si
628 2011 730 2073 quis
767 2013 949 2072 uspiam
985 2026 1159 2074 praeter
1193 2013 1370 2061 ostium
1425 2029 1510 2075 pa-

122 2086 230 2123 tet:
269 2091 379 2121 nam
415 2076 560 2137 septis
596 2076 651 2126 &
688 2076 829 2122 firmis
882 2078 937 2128 6(
990 2077 1204 2138 nuspiam
1257 2078 1507 2127 hiantibus

127 2138 298 2186 muniri
334 2140 544 2202 undique
580 2139 876 2204 Religiosam
896 2143 1093 2189 domum
1117 2174 1129 2201 ,
1156 2142 1416 2204 disciplinae
1449 2158 1510 2192 ac

124 2201 263 2259 famae
298 2203 363 2250 sie
397 2204 621 2263 interest,
663 2218 714 2252 ut
749 2204 880 2251 nulla
916 2205 978 2254 sit
1012 2206 1121 2254 talis
1154 2222 1316 2269 operae
1348 2206 1511 2272 legiti-

128 2283 205 2314 ma
241 2267 443 2316 dilatio:
482 2268 602 2316 talia
639 2285 755 2334 ergo
812 2269 977 2334 utique
1023 2287 1328 2336 quocumque
1381 2287 1508 2321 sum-

128 2344 213 2394 ptu
251 2333 413 2379 statim
449 2334 655 2394 expedi.

190 2397 237 2446 6.
273 2397 517 2461 Deinceps
552 2415 671 2461 opus
708 2397 863 2512 zabbeo
899 2400 1183 2464 praemunire
1234 2411 1286 2450 te
1336 2400 1512 2480 adyta-1

849 2481 881 2530 4
1373 2479 1448 2514 sus
