1803 3076
247 280 892 347 EPtSTOLARUM.Lih.
926 293 1022 340 111.
1044 294 1129 356 Ep.
1168 295 1261 341 ix.
1329 293 1386 356 83

66 390 221 443 veris:
257 388 321 435 sic
357 401 545 449 prorsus
582 396 636 431 ut
672 381 845 433 fecisse
877 387 1115 452 gauderes
1153 389 1202 437 in
1237 406 1458 442 momen-

70 470 127 507 to
163 452 325 503 mortis
362 465 480 509 tuae‚
517 449 717 514 quando
753 450 932 499 sisteris
967 465 1084 502 ante
1140 456 1238 504 Dei
1288 456 1458 506 Tribu-

70 521 152 570 nal
187 519 449 568 redditurus
489 516 731 564 rationem
768 517 987 565 omnium
1024 535 1127 582 quae
1164 536 1249 583 per
1267 521 1459 573 univer..

66 601 168 634 sam
204 583 353 632 vitam
389 580 917 645 egisti.Vehementer
935 583 1083 630 etiam
1121 597 1270 649 atque
1307 589 1462 637 etiam

63 651 262 699 obsecro
299 648 397 704 Te,
439 644 678 704 Domine,
717 661 776 693 ne
811 648 1008 715 pigreris
1044 646 1139 707 jam
1177 666 1304 698 nunc
1339 671 1457 716 prae-

50 730 228 779 -parare
264 712 312 759 in
349 711 465 758 illud
502 710 723 758 ultimum
759 712 1026 773 periculum
1062 714 1324 764 decretorii
1350 735 1455 767 mo-

66 779 216 829 menti
254 776 484 841 quidquid
520 775 733 837 expediri
756 777 904 825 modo
924 793 982 826 ac
1002 782 1226 841 praeverti
1263 796 1455 842 potest,

66 845 269 896 Morbus
304 842 432 890 enim
471 855 714 903 supremus
751 842 809 892 &
845 842 1009 890 mortis
1044 844 1308 909 ingruentis
1344 848 1460 897 vici-

71 912 187 969 nia,
225 909 294 956 ita
342 919 555 954 mentem
607 905 878 969 languentis
938 907 985 954 in
1034 925 1269 975 angorum
1324 913 1466 962 dolo·-

68 973 398 1039 tumque‚qui
435 970 626 1033 pIurimi
662 971 1050 1036 acerbissimique
1087 988 1202 1023 tunc
1241 978 1462 1039 saeviunt,

64 1038 290 1104 praesenti
327 1051 467 1086 sensu
506 1037 725 1082 miseram
763 1036 961 1101 defigit,
986 1039 1462 1106 utillinequaquam

60 1115 209 1153 vacet
244 1101 350 1150 aliis
409 1099 531 1148 curis
586 1111 673 1147 aut
731 1102 1116 1165 cogitationibus
1167 1111 1461 1169 attendere,

65 1172 211 1233 quam
248 1181 364 1232 quas
405 1164 488 1214 illa
524 1163 762 1234 horribilis
797 1181 945 1214 scena
983 1183 1140 1216 rerum
1194 1174 1358 1220 animo
1414 1189 1467 1222 se

65 1249 117 1282 se
155 1246 256 1281 tum
293 1231 495 1292 primiim
535 1228 804 1289 objiciens,
841 1230 1135 1280 tristissimas
1172 1236 1226 1285 &
1277 1236 1464 1285 inutili-

61 1311 138 1346 ter
174 1299 444 1345 cruciantes
480 1293 689 1364 incutit,
714 1309 913 1357 quarum
952 1294 1216 1347 informare
1254 1302 1467 1366 speciem

65 1379 208 1412 nemo
243 1372 408 1424 potest
448 1374 528 1422 qui
566 1374 664 1407 non
703 1361 765 1408 sit
802 1373 1033 1423 expertus
1060 1399 1070 1410 .

200 1427 404 1476 Malacae
453 1425 529 1473 die
582 1426 724 1474 Festo
782 1425 1014 1489 Corporis
1078 1428 1260 1479 Christi
1313 1434 1463 1482 Anno

65 1491 442 1548 CIDIDXLIX.

195 1619 475 1681 Maiestatis
513 1620 627 1667 Tuae
667 1632 841 1671 servus·
866 1621 1056 1672 inutilis
1081 1659 1093 1672 .

1093 1693 1132 1738 F
1132 1695 1364 1742 rancis-cus
1379 1728 1392 1742 .

413 1815 968 1866 EPISTOLA
1058 1820 1125 1867 X.

197 1948 283 1998 1³1³.
320 1945 472 1996 Paulo
509 1946 755 1998 Camerti,
794 1947 1019 1996 Antonio
1055 1932 1331 2014 Gomezi0,‘

541 2011 809 2061 Balthasari
830 2015 974 2078 Gago
997 2049 1009 2060 .

79 2148 157 2194 De
188 2148 351 2194 itinere
384 2145 642 2193 Malacensi
673 2175 684 2201 ‚
722 2159 777 2192 ac
829 2143 886 2191 de
935 2158 1121 2193 matura
1168 2147 1448 2211 profectione

133 2212 433 2275 Japoniensi,·
469 2211 525 2256 de
556 2213 697 2271 primo
732 2211 782 2256 P.
838 2206 1026 2272 Alfonsi
1078 2207 1334 2272 sacrificio,
1370 2215 1449 2261 de-

144 2277 368 2322 scribendi
402 2274 677 2333 sedulitate,
713 2278 930 2337 precandi
964 2276 1144 2335 studio,
1184 2293 1225 2325 et
1259 2278 1314 2325 de
1351 2282 1452 2343 qui-

141 2338 331 2387 busdam
365 2354 392 2386 a
429 2356 474 2387 se
511 2343 627 2401 Regi
670 2344 913 2387 Lusitaniae
949 2343 1299 2390 commendatis.
1335 2345 1466 2391 Keli-

138 2408 289 2470 giosos
309 2421 482 2465 omnes,
504 2407 671 2468 plebem
711 2409 853 2515 ijgam
872 2437 883 2465 ‚
898 2405 1084 2470 fratres
1102 2422 1306 2469 nostros,
1330 2412 1466 2472 Epis·

806 2484 835 2518 z
1333 2491 1401 2522 co·-
