1803 3076
173 317 667 367 EPISTOLARUM.
704 320 806 370 Lib.
834 326 914 372 W.
943 328 1208 391 Ep.XVr1‚
1274 351 1360 406 333

47 421 157 457 sunt
195 412 456 459 necessarIa
487 432 503 462 :
544 415 744 475 primum
776 451 788 477 ,
826 436 1024 487 magnus
1077 443 1231 477 rerum
1289 448 1425 497 usus,

47 488 107 520 ex
143 476 356 522 aerumnis
393 491 451 523 ac
487 479 739 541 periculis,
779 485 833 536 &
870 489 1100 541 interiore
1136 497 1204 541 sui
1255 500 1429 560 cogni-

43 538 181 585 tione
217 555 553 601 comparatuS.
592 549 721 593 Nam
757 548 802 594 in
851 552 1061 613 Japonia
1114 559 1297 618 majora
1350 562 1429 611 fri-

41 617 238 666 gorum,
277 605 477 666 inopiae,
515 614 879 676 ceterarumque
915 634 1069 668 rerum
1104 630 1422 678 mcommoda

42 668 240 714 subituri
276 683 409 727 sunt,
448 676 586 734 quam
624 691 818 739 usquam
858 681 903 727 in
941 685 1162 747 Europa:
1202 690 1291 738 huc
1338 709 1419 741 ac-

39 731 218 780 cedent
253 732 602 786 insectationes
640 741 692 791 &
730 744 932 794 ludibria
970 748 1300 815 indigenarum
1337 758 1420 822 qui

38 797 319 860 peregrinos
359 800 434 846 vix
458 804 670 851 homines
694 807 875 857 ducunt
896 830 908 870 3
929 820 1131 866 maxime
1154 825 1268 868 vero
1292 823 1420 870 Bon-

41 859 262 919 ziorum‚
299 863 379 926 qui
415 865 588 915 divinae
627 871 760 934 Legis
798 890 1039 933 praecones
1076 884 1308 934 acerrime
1346 889 1417 934 in-

34 938 316 974 sectantur:
356 944 642 995 quamquam
681 951 729 982 in
765 939 891 987 hisce
927 941 1035 1004 ipsis
1091 947 1418 1000 incommodis

36 988 235 1039 mirifice
270 1006 491 1055 gustatur
533 1000 660 1046 Deus
683 1033 693 1043 .
1428 1022 1431 1024 ’

108 1073 128 1118 5
187 1057 238 1102 In
272 1058 536 1118 japonicas
573 1064 859 1113 Academias
894 1084 1027 1119 sacra
1067 1075 1222 1125 Missae
1258 1082 1416 1141 supel-

33 1115 114 1165 lex
154 1134 250 1166 non
292 1122 475 1170 videtur
509 1141 704 1188 propter
737 1129 1145 1196 longinquitatem
1172 1145 1227 1194 e&
1259 1143 1423 1202 latro-⁴

33 1181 160 1228 cinia
197 1182 419 1233 itinerum
458 1193 569 1236 tuto
605 1208 741 1252 posse
778 1195 999 1255 perferri.
1029 1203 1198 1266 Itaque
1244 1206 1289 1255 in
1327 1222 1409 1261 tot

33 1248 250 1294 aetumnis
284 1263 430 1312 atque
469 1257 962 1318 vexationibus,cum
997 1266 1051 1316 <Sc
1087 1270 1303 1320 sacrificii
1335 1291 1413 1322 so-

31 1309 203 1363 latium
239 1313 294 1364 &
337 1317 639 1367 Eucharistiae
675 1323 940 1384 praesidium
978 1330 1139 1391 desit,
1176 1336 1289 1384 satis
1324 1354 1409 1399 ap-

33 1389 196 1439 paret,
234 1381 414 1440 quanta
450 1383 642 1432 tandem
696 1387 872 1440 virtute
924 1408 980 1441 ac
1033 1397 1208 1449 robore
1259 1404 1410 1450 animi

33 1453 193 1502 septos
230 1458 329 1490 esse
363 1460 595 1507 oporteat
630 1466 738 1511 eos,
777 1455 942 1517 quibus
976 1460 1217 1522 Japonica
1253 1469 1408 1528 Gym-

34 1506 166 1553 nasia
202 1507 537 1561 destinentur.
578 1516 771 1564 Deinde
806 1520 865 1565 ab
916 1522 1110 1585 ingenio
1163 1529 1407 1580 doctrina·

31 1584 124 1632 que
161 1570 419 1621 instructos
455 1592 554 1625 esse
588 1582 846 1643 convenit,
886 1597 936 1634 ut
965 1589 1209 1651 Japonum
1258 1596 1407 1645 inter-

31 1634 364 1698 rogationibus
400 1638 543 1689 facile
578 1647 893 1712 appositeque
927 1659 1408 1715 respondeant.Plu-

31 1700 201 1747 timum
237 1716 399 1752 autem
435 1703 612 1766 refert,
651 1725 733 1758 eos
769 1728 869 1761 esse
906 1717 1223 1783 Philosophiae
1253 1757 1262 1783 ,
1302 1742 1406 1774 ma-

30 1762 155 1812 xime
192 1771 310 1817 verb
347 1769 631 1822 Dialecticae
668 1776 878 1837 peritos,
918 1793 971 1828 ut
1019 1787 1203 1844 possint
1252 1791 1405 1851 Japo-

34 1843 147 1876 num
185 1831 497 1891 pertinaciam
534 1853 799 1904 coarguere
835 1859 890 1891 ac
935 1850 1182 1900 revincere
1217 1868 1229 1902 z
1270 1856 1405 1902 nimi-

30 1909 131 1940 rum
168 1909 222 1944 ut
257 1900 544 1958 ostendant,
582 1919 663 1958 eos
699 1905 783 1954 sibi
820 1924 918 1958 non
955 1927 1208 1981 constare,
1236 1920 1316 1968 sed
1337 1922 1404 1969 di-

34 1972 145 2006 cere
182 1960 325 2020 plane
362 1967 603 2014 contraria
626 2004 637 2016 .

93 2025 141 2072 6.
176 2027 379 2075 Eosdem
418 2044 515 2076 non
551 2032 742 2095 ignaros
777 2052 875 2086 esse
911 2040 1055 2090 velim
1094 2046 1405 2114 Astrologiae:

30 2087 245 2150 Japones
281 2093 406 2140 enim
445 2097 608 2143 mirum
648 2099 694 2151 in
717 2103 910 2153 modum
939 2122 1232 2173 cognoscere
1250 2129 1402 2164 avent

32 2152 92 2200 de
128 2154 270 2202 Lunae
305 2171 359 2204 ac
398 2159 518 2206 Solis
573 2160 921 2216 defectionibus
960 2188 973 2231 3
1026 2189 1108 2221 cur
1144 2178 1277 2225 Luna
1324 2192 1401 2226 to-

30 2215 122 2264 ties
158 2233 369 2280 crescat,
407 2225 650 2289 totiesque
687 2229 964 2282 decrescat:
1003 2236 1119 2286 item
1155 2240 1275 2299 illa;
1313 2260 1398 2291 un·

31 2281 91 2327 de
128 2281 325 2342 imbres,
363 2286 473 2347 nix,
508 2292 688 2352 grando
726 2310 1014 2349 nascantur:
1051 2303 1126 2365 qui
1163 2320 1394 2369 cometae,

26 2345 271 2407 tonitrua,
311 2347 530 2415 fulgura,
570 2357 625 2407 &
660 2357 749 2405 alia
787 2358 1015 2416 ejusmodi
1050 2369 1261 2419 existant
1283 2406 1294 2417 .
1322 2378 1395 2420 ln·

26 2411 253 2463 credibile
289 2427 392 2477 cst,
430 2417 597 2469 talium
643 2438 798 2474 rerum
849 2427 1110 2492 explicatio
1163 2450 1397 2500 quantum

1252 2516 1335 2549 Ἶλ-
