1803 3076
235 299 873 373 EPISTOLARUMtLib.
905 316 984 363 IV.
1012 316 1098 377 Ep.
1132 317 1172 362 ι.
1309 331 1402 381 237

75 414 283 474 habent,
305 415 445 477 quam
472 411 602 476 quod
639 426 697 459 ex
733 410 885 472 oryza
909 409 1188 474 exprimunt
1223 422 1328 459 arte
1349 427 1464 474 qua-

78 482 213 538 dam,
251 493 524 541 perrarum,
563 478 618 527 &
657 477 839 529 idcirco
872 492 1010 538 supra
1046 476 1238 523 modum
1280 492 1461 533 carum,

76 545 336 594 maximum
373 554 538 591 tamen
562 543 984 590 incommodorum
1020 554 1093 589 est
1111 541 1332 589 anxietas
1354 559 1473 593 con-

83 611 219 659 tinua
255 608 299 654 in
338 607 556 669 periculis
596 608 705 655 vitae
738 608 1064 670 quotidianis.

149 689 222 723 12.
258 674 373 719 Non
414 684 524 720 sunt
556 672 655 734 apti
685 673 742 718 ad
779 671 910 728 hujus
948 686 1085 720 terra:
1134 670 1375 720 culturam
1398 687 1474 720 sc-

82 753 194 796 nes,
231 737 400 800 utique
438 737 606 801 quibus
641 738 862 784 deessent
895 737 1014 785 vires
1071 737 1130 783 ad
1178 738 1476 785 necessarios

79 803 303 850 labores
295 817 415 861 ‚nec
435 802 804 859 adolescentes,
829 803 914 849 nisi
949 804 982 848 si
1015 801 1183 865 quibus
1221 802 1474 850 defectum

79 867 233 916 aetatis
282 866 514 914 virtutum
552 867 834 931 magnitudo
870 865 1136 914 manifestis
1170 868 1474 928 experimen-

82 934 141 980 tis
166 905 748 1003 perspectarun1,suppl
739 944 830 978 ret
868 949 878 978 :
916 932 1096 993 alioqui
1134 949 1196 992 pc>
1189 932 1292 978 >itus
1327 937 1472 994 quam

83 997 187 1045 aliis
223 998 435 1058 prosint,
467 1012 516 1044 se
552 995 678 1057 ipsos
719 1012 811 1057 pei
807 997 974 1045 leient
1011 1000 1328 1044 Peccatoruin
1370 1014 1474 1044 om-

84 1063 155 1112 nis
197 1076 384 1126 generis
438 1061 738 1108 irritamenta
776 1061 874 1107 illic
913 1062 965 1112 ὃ(
1012 1061 1291 1108 occasiones
1337 1077 1477 1110 sunt.

81 1128 318 1174 Praeterea
354 1126 620 1174 teneriores
668 1125 729 1171 ibi
781 1141 923 1188 quam
971 1142 1165 1196 usquam
1208 1127 1351 1174 animi
1385 1132 1474 1174 ho-

83 1191 263 1238 minum
298 1188 528 1238 facillime
565 1189 876 1237 offenduntur
929 1206 1097 1253 quavis
1122 1191 1283 1251 specie
1322 1191 1476 1240 minus

83 1256 203 1304 recti
252 1254 518 1315 exempli,
511 1269 557 1300 in
591 1255 644 1301 iis
691 1267 895 1305 extante
927 1271 1006 1318 qui
1043 1269 1091 1301 se
1125 1256 1330 1302 aliorum
1363 1272 1476 1303 cen-

82 1335 212 1369 sores
230 1318 389 1368 serunt
409 1355 420 1366 .
443 1323 558 1369 Haec
577 1323 646 1367 ita
667 1321 915 1378 minutim,
938 1333 992 1368 ut
1029 1319 1150 1378 dixi,
1173 1319 1328 1366 scribo
1366 1322 1476 1367 Ma-

88 1387 240 1450 gistro
271 1385 457 1434 Simoni
487 1418 500 1446 ,
537 1398 622 1433 aut
670 1383 767 1443 ejus
817 1384 924 1434 vice
958 1384 1167 1435 Rectori
1203 1384 1480 1433 Conimbri-

89 1466 219 1499 cens1
242 1485 253 1496 .

158 1534 229 1579 ¹3·
263 1513 596 1562 Gratissimum
625 1513 738 1565 mihi
769 1525 894 1562 esset
934 1513 969 1561 si
1004 1525 1087 1561 tua
1118 1526 1287 1563 sancta
1319 1512 1477 1561 chari-

89 1580 204 1630 ritas
232 1579 436 1627 scribere
474 1579 836 1627 Conimbricam
891 1578 1168 1643 dignaretur
1202 1613 1213 1638 ‚
1252 1592 1305 1627 ut
1357 1594 1477 1643 quos

96 1647 395 1694 destinarent
426 1643 474 1691 in
508 1644 767 1715 Japoniam
808 1643 930 1706 prius
965 1646 1023 1692 ad
1059 1658 1108 1693 te
1131 1648 1338 1693 Romam
1370 1645 1480 1692 mit-

93 1722 279 1760 terent.
324 1709 567 1757 Veniebat
602 1708 714 1757 mihi
747 1725 793 1756 in
835 1722 1079 1768 mentem,
1111 1722 1249 1771 aptos
1281 1710 1342 1755 ad
1368 1724 1479 1757 eam

62 1774 459 1836 expeditionem
500 1774 645 1824 videri
675 1772 779 1822 fore
819 1773 987 1839 Belgas
1018 1808 1029 1833 ,
1061 1786 1145 1822 aut
1181 1777 1479 1834 Germanos,

96 1840 175 1904 qui
246 1840 573 1888 Castellanarn
640 1851 727 1888 aut
797 1840 1078 1887 Lusitanam
1129 1838 1315 1905 linguas
1370 1854 1483 1886 nos-

91 1917 233 1954 sent.
273 1905 542 1976 Utrumque
590 1906 635 1952 il
666 1919 815 1969 genus
860 1904 1087 1952 tollerans
1117 1878 1335 1952 laborum
1373 1916 1480 1962 est,

97 1983 197 2019 tum
238 1970 441 2017 naturali
477 1970 641 2018 habitu
666 1942 736 2021 b&
770 1970 1075 2017 educationis
1113 1985 1197 2017 usu
1256 1971 1482 2016 duratum

98 2036 159 2083 ad
202 2036 489 2096 patientiam
525 2035 844 2084 Ean-densium
903 2033 1173 2099 frigorum
1216 2033 1484 2082 Verisimile

98 2101 327 2170 putabam
364 2116 458 2147 non
494 2117 672 2161 paucos
711 2116 769 2146 ex
810 2098 938 2148 hisce
964 2074 1255 2148 nationibus
1284 2100 1482 2156 duabuS,

99 2171 147 2212 in
183 2180 325 2211 variis
362 2167 562 2229 Hispan
572 2183 609 2212 ae
645 2163 910 2227 Collegiis‚
946 2165 1002 2215 &
1033 2166 1183 2213 ltahae
1223 2164 1413 2220 vivere,
1435 2161 1487 2209 in

102 2246 178 2293 qu
171 2228 270 2278 bus
307 2227 433 2277 forte
478 2230 681 2278 multum
720 2230 865 2276 utiles
900 2245 995 2277 non
1029 2231 1123 2277 sint
1164 2248 1178 2281 ,-
1226 2228 1353 2293 quod
1399 2241 1485 2274 na·

103 2295 207 2343 tiva
261 2293 506 2357 elegantia
555 2294 796 2357 popularis
849 2293 1021 2353 linouae
1058 2308 1289 2350 careant,
1324 2291 1402 2355 qui
1445 2290 1483 2339 si

101 2333 518 2408 transferrentur
510 2375 558 2406 in
585 2361 876 2422 Japoniam‚
917 2351 1216 2407 excellenter
1249 2358 1313 2404 ibi
1367 2371 1485 2419 ope-

100 2439 201 2472 ram
240 2436 507 2485 navarent,
534 2426 588 2476 ὃ(
626 2439 808 2489 magnis
846 2439 895 2472 se
948 2422 1182 2472 fructibus
1231 2436 1485 2470 commen-

99 2490 269 2538 darent
291 2521 303 2536 .
1229 2504 1304 2554 14.
1323 2489 1409 2535 Pu-
