1803 3076
206 300 1291 365 EPISTOLARUM.Lib.mEp.XX111.
1340 304 1434 371 387

119 402 377 461 conferat,
415 397 679 470 resignabis
716 399 842 447 hanc
878 399 1075 462 primam
1129 399 1385 460 chartam,
1439 404 1496 455 δε

116 470 247 539 quod
280 466 326 514 in
363 467 423 515 ea
458 464 713 527 praescribo
749 463 930 523 facieS,
968 462 1244 535 exemplum
1283 464 1499 520 eiusdem

115 549 209 583 mer
245 531 404 593 scripti
442 542 636 578 mittens
673 529 734 576 ad
769 530 974 576 eundem
1013 529 1278 578 Antonium
1314 531 1501 580 Gome-

117 599 248 648 zium
280 628 291 654 ,
330 596 639 667 autographo
678 609 824 665 penes
862 606 913 642 te
949 606 1180 653 retento,
1220 595 1274 644 &
1310 611 1393 657 per
1428 597 1499 644 in-

115 662 315 724 scriptas
351 660 512 708 eidem
551 674 658 706 tuas
692 674 811 724 sign
804 659 967 706 ficans
1003 675 1107 723 quae
1129 656 1300 716 iubeo
1294 675 1342 707 in
1364 662 1501 710 char-

116 728 170 776 ta
208 725 509 783 memorata
548 740 692 787 quam
730 725 1038 796 obsignatam
1074 726 1334 787 relinquo.

183 807 225 840 2.
271 793 529 853 Postquam
567 804 713 838 naves
750 801 883 837 rturae
936 805 982 835 in
1039 789 1336 837 Lusitaniam
1393 790 1503 840 vela

117 856 167 904 in
204 855 357 927 altum
393 854 644 912 dederint,
669 852 860 901 etiamsi
898 867 1097 902 eatenus
1134 854 1379 902 Antonius
1400 859 1503 905 Go-

121 922 302 970 mezius
340 920 385 967 in
424 920 635 967 statione
659 919 832 967 Diensi
868 919 1058 982 quietus
1095 921 1441 993 permanserit
1459 938 1508 968 a-

124 988 280 1049 peries
327 984 583 1032 secundam
619 984 837 1031 chartam
875 1000 1018 1046 quam
1056 983 1214 1048 sigillo
1265 985 1505 1034 munitam

121 1050 204 1101 hic
239 1050 434 1113 linquo,
472 1049 528 1099 &
564 1046 698 1106 hujus
733 1046 950 1096 similiter
985 1049 1312 1113 apographum
1351 1051 1410 1098 ad
1444 1051 1502 1096 il-

123 1118 221 1165 lum
258 1116 456 1174 mittes3
506 1114 826 1176 archetypum
866 1117 981 1161 vero
1015 1116 1242 1164 ostendes
1280 1115 1503 1163 Domino

125 1180 238 1242 Epi
244 1195 402 1242 copo,
421 1179 494 1230 &
532 1193 642 1226 eum
696 1177 891 1243 rogabis
930 1210 940 1238 ,
978 1190 1032 1227 ut
1079 1179 1169 1228 rite
1223 1181 1388 1228 testari
1443 1196 1505 1229 ne

125 1254 382 1312 gravetur,
406 1258 676 1307 congruere
710 1259 795 1307 per
833 1243 996 1290 omnia
1033 1258 1144 1290 cum
1186 1247 1503 1314 autographo

125 1309 436 1371 exemplum.-
469 1323 578 1355 cum
614 1308 703 1355 hac
743 1306 948 1355 Domini
970 1308 1197 1371 Episcopi
1218 1286 1502 1369 fide‚char-

126 1391 189 1425 tae
227 1390 343 1422 meae
390 1374 724 1444 apographum
770 1374 1018 1422 Gomezio
1072 1373 1239 1421 mittes
1277 1406 1290 1433 ,
1327 1390 1503 1439 rogans

128 1440 268 1490 simul
305 1438 576 1488 Dominum
614 1437 937 1500 Episcopum
961 1451 1015 1486 ut
1049 1438 1097 1487 ei
1134 1437 1359 1501 deinceps
1399 1453 1506 1487 tan-

129 1521 272 1570 quam
309 1503 397 1550 sibi
433 1503 621 1551 subdito
659 1502 866 1562 scribat,
891 1504 1052 1565 &pro
1088 1515 1339 1565 potestate
1359 1520 1509 1567 impe

129 1584 206 1619 ret
241 1572 337 1634 quo
374 1569 441 1616 ire
478 1568 653 1638 quidve
690 1583 834 1631 agere
870 1567 1022 1643 ipsum
1057 1568 1210 1616 velit:
1237 1569 1406 1617 melius
1437 1582 1511 1617 ta-

130 1651 241 1684 men
277 1645 434 1691 esset,
471 1648 582 1681 meo
619 1629 832 1694 judicio,
869 1635 1025 1682 sinere
1062 1632 1214 1699 ipsum
1251 1635 1429 1684 haerere
1462 1635 1511 1684 in

130 1701 246 1749 urbe
287 1696 485 1747 Diensi.

200 1785 242 1834 3.
279 1765 327 1811 Si
364 1763 578 1812 Andreas
616 1764 923 1825 Carvallius,
957 1781 1099 1845 quem
1137 1762 1269 1824 iustis
1307 1767 1365 1815 de
1401 1782 1512 1815 cau-

130 1832 190 1904 sis
229 1830 322 1878 redi
330 1845 378 1877 re
414 1830 461 1875 in
497 1829 796 1878 Lusitaniam
833 1830 974 1892 jussi,
995 1831 1106 1879 data
1142 1831 1291 1904 opera
1337 1832 1435 1880 omi
1441 1848 1512 1880 se-

130 1896 193 1946 ri
158 1910 194 1926 t
230 1909 482 1942 occurrere
519 1894 577 1940 ad
610 1908 834 1958 tempus3
871 1911 1115 1960 navesque
1152 1898 1253 1943 sine
1289 1913 1339 1945 se
1388 1897 1512 1946 sive

127 1964 190 2011 rit
225 1959 385 2018 abire,
409 1959 572 2006 statim
608 1974 718 2008 eum
755 1963 782 2010 ὲ
805 1933 1058 2009 S'ocietate
1095 1960 1306 2010 dimittas
1344 1960 1515 2017 jubeo.-

135 2042 224 2075 nec
261 2023 356 2072 ulla
392 2024 583 2071 ratione
629 2026 814 2086 patiare
862 2027 1024 2088 (nam
1070 2027 1164 2075 hoc
1223 2042 1316 2091 ego
1370 2026 1513 2089 piane

135 2091 294 2153 veto)
333 2089 607 2150 promoveri
643 2090 699 2135 ad
741 2093 914 2138 Sacros
951 2091 1156 2140 Ordines
1206 2094 1455 2139 Diaconat
1461 2105 1512 2137 us

138 2157 194 2205 &
230 2153 499 2201 Sacerdoti}
538 2170 584 2200 in
624 2154 786 2212 India,
825 2156 1134 2218 quantumvis
1173 2156 1415 2203 Dominus
1452 2159 1515 2206 E-

135 2220 358 2283 piscopus
394 2218 784 2280 proficisceretur
817 2221 909 2267 hoc
928 2236 1059 2268 anno
1081 2221 1356 2269 Cocinum·
1382 2220 1514 2293 quod

137 2300 176 2330 si
227 2284 348 2330 idern
402 2285 617 2331 Andreas
666 2283 984 2343 Carvallius,
1033 2288 1205 2333 contra
1254 2301 1394 2347 quam
1447 2284 1518 2331 illi

143 2347 398 2405 mandavi,
434 2349 591 2395 Goam
631 2349 824 2408 veniat,
863 2364 923 2397 ne
961 2349 1095 2397 illum
1146 2350 1192 2396 in
1239 2349 1516 2416 Collegium

143 2414 404 2473 admittaS,
443 2428 523 2476 qur
511 2429 620 2476 ppe
671 2428 784 2524 nori,
826 2413 1026 2478 amplius
1078 2427 1349 2529 nostrumh:
1385 2395 1518 2464 0nam

820 2494 848 2528 2
1329 2494 1452 2540 unc,
