1803 3076
410 258 480 324 64
641 257 690 307 S.
725 256 1093 308 FRANCISCI
1142 257 1432 309 XAVERII

348 350 411 401 de
446 365 633 414 semper
667 353 810 414 quam
846 352 1146 402 exactissime
1164 369 1495 419 cognoscere,
1524 366 1623 400 non
1643 352 1731 403 cri-

355 416 488 481 mina
525 416 704 476 solutu,
727 429 812 465 aut
834 418 1114 479 rapinarum
1137 419 1202 466 ibi
1240 420 1439 467 usitatas
1473 431 1600 467 artes
1622 420 1739 479 ,sed

354 498 492 531 usum
527 480 803 529 universum
841 483 1004 544 populi
1046 515 1060 541 ,
1088 487 1432 547 ¹persuasiones
1486 484 1738 548 vulgares,

349 547 507 596 studia
541 547 699 612 gentis
733 578 744 604 ,
780 547 1046 608 peculiares
1082 550 1292 614 regionis
1328 550 1737 609 consuetudines,

348 614 549 662 modum
585 611 855 675 regiminis,
894 613 997 661 Fori
1033 614 1241 675 stylum,
1282 614 1439 663 'litium
1474 612 1737 675 formulas,

346 676 767 743 Pragmaticorum
804 677 1179 737 cavillationes,
1217 681 1274 729 &
1322 679 1549 742 quidquid
1585 677 1744 726 omni-

352 746 421 792 no
457 746 506 788 in
555 741 857 803 Reipublicae
911 758 968 790 ac
1013 741 1170 788 civilis
1225 746 1488 792 Societatis
1543 744 1738 792 ratione

352 820 608 857 versatur:
647 805 763 853 nihil
799 807 925 854 enim
961 808 1131 854 horum
1168 807 1418 870 (experto
1455 810 1623 857 credas
1655 809 1745 855 mi-

349 874 442 937 hi)
481 886 578 917 non
616 871 736 918 utile
761 870 884 920 scitu
922 883 993 920 est
1028 874 1220 920 medico
1258 873 1562 933 animorum,
1599 887 1654 921 ut
1675 872 1742 920 ci-

351 946 410 985 to
446 936 640 984 morbos
690 935 969 1003 intelligat,
1007 934 1151 986 facile
1197 939 1415 987 remedia
1473 937 1740 1000 expediat,

349 1015 636 1065 promptam
672 1015 860 1063 semper
892 1018 949 1051 ac
987 1015 1203 1064 paratam
1258 1003 1444 1052 cunctis
1497 1017 1739 1051 occuren-

348 1067 472 1115 tium
510 1065 879 1115 necessitatibus
916 1084 1061 1128 opem
1098 1068 1276 1116 habeat
1311 1071 1358 1116 in
1397 1084 1568 1117 manu.

416 1150 498 1197 40.
536 1134 663 1179 Hinc
701 1131 822 1181 scies
858 1135 971 1196 quid
1008 1132 1293 1182 creberrime
1330 1135 1377 1181 in
1414 1130 1738 1182 concionibus

355 1196 699 1246 inculcandum
747 1199 838 1256 sit,
876 1198 989 1260 quid
1040 1198 1385 1247 confitentibus
1441 1197 1741 1264 magnopere

356 1263 800 1311 commendandum
845 1296 856 1308 .
899 1266 1018 1311 Haec
1070 1276 1121 1311 te
1184 1263 1362 1312 notitia
1417 1265 1478 1312 ad
1541 1261 1745 1326 promis-

356 1343 476 1376 cuos
534 1341 642 1373 cum
709 1325 981 1375 hominibus
1048 1343 1328 1393 congressus
1388 1328 1594 1377 instruet
1626 1364 1635 1373 .
1677 1328 1748 1374 Ea

356 1393 704 1456 praemunitus,
744 1391 860 1439 nibil
910 1405 963 1441 ut
1025 1408 1207 1441 novum
1262 1394 1540 1453 mirabere,
1606 1390 1742 1439 nullo

357 1461 607 1520 improv1s1
645 1467 845 1504 occursu
882 1458 1135 1505 aestuabis.
1172 1457 1303 1506 Hinc
1338 1459 1489 1507 animi
1541 1471 1747 1521 praesen-

358 1524 481 1571 tiam
517 1522 565 1568 in
604 1522 844 1570 varietate
893 1523 1284 1571 subnascentium
1341 1539 1571 1581 casuum,
1628 1521 1743 1569 hinc

361 1589 711 1636 dexteritatem
746 1589 794 1634 in
831 1588 1085 1650 multiplici
1138 1589 1438 1638 tractatione
1486 1604 1594 1636 curn
1643 1585 1749 1649 qui-

359 1653 545 1705 busvis,
584 1654 694 1699 hinc
731 1655 1054 1701 autoritatem
1092 1653 1151 1700 ad
1188 1671 1357 1715 omnes
1393 1654 1581 1702 hauries
1604 1686 1615 1699 .
1652 1657 1749 1699 Sae-

354 1718 453 1767 culi
491 1721 709 1765 hommes
746 1733 853 1766 cum
888 1721 916 1766 a
954 1717 1215 1782 Religiosis
1252 1721 1610 1776 admonentur,
1647 1716 1750 1765 fere

357 1795 721 1842 contemnunt3
758 1793 891 1846 quoa
927 1800 1009 1832 eos
1046 1786 1296 1845 imperitos
1332 1801 1488 1834 rerum
1540 1794 1748 1847 putant.

359 1848 412 1897 Si
448 1863 589 1911 quein
626 1863 723 1895 non
762 1849 916 1895 minus
952 1849 1095 1911 quam
1129 1850 1217 1912 ipsi
1266 1864 1509 1899 versatum
1557 1864 1615 1896 ac
1663 1845 1749 1896 tri-

352 1924 460 1962 tum
495 1928 541 1960 in
580 1928 662 1960 usu
699 1912 809 1960 vitae
846 1912 998 1961 civil1s
1034 1915 1331 1976 experiendo
1385 1913 1746 1981 cognoverint,

361 1979 489 2029 hunc
527 1983 854 2037 mirabuntur,
892 1978 1002 2027 huic
1035 1994 1083 2026 se
1120 1979 1437 2042 permittent3
1473 1996 1535 2029 eo
1571 1989 1748 2026 autore

358 2058 462 2094 non
499 2043 791 2092 dubitabunt
826 2042 975 2091 etiam
1011 2043 1097 2090 sibi
1135 2044 1231 2092 vim
1268 2043 1428 2094 facere
1466 2076 1479 2104 ,
1517 2059 1574 2091 ac
1610 2041 1749 2106 quid-

363 2109 516 2172 quid,
549 2108 766 2172 quamvis
805 2109 1030 2168 arduum,
1071 2111 1299 2169 suaserit,
1337 2109 1513 2173 exequi
1550 2144 1562 2157 .
1596 2107 1742 2155 Vides

365 2176 577 2225 fructum
623 2173 756 2221 istius
807 2173 1019 2222 scientiae
1068 2174 1350 2240 ingentem3
1387 2175 1434 2221 in
1484 2189 1578 2238 qua
1631 2171 1748 2219 ideo

364 2238 603 2306 paranda,
642 2254 741 2287 non
793 2238 946 2286 minus
999 2239 1087 2287 tibi
1135 2256 1292 2300 nunc,
1332 2243 1475 2304 quam
1527 2238 1647 2286 alias
1699 2236 1751 2282 in

365 2304 645 2362 scholis,in
682 2303 925 2351 Doctrina
963 2304 1303 2367 Philosophica
1339 2306 1417 2352 vel
1442 2301 1748 2366 Theologica

361 2369 622 2436 quaerenda
659 2367 1006 2420 elaborandum
1042 2370 1296 2420 existima.
1330 2372 1400 2420 Ea
1448 2372 1596 2435 porro
1647 2378 1748 2446 non

1658 2448 1688 2480 e
