1803 3076
220 294 720 348 EPISTOLARUM.
757 297 859 344 Lib.
897 302 990 347 HI.
1027 301 1115 363 Ep.
1151 298 1230 349 ιν.
1301 314 1365 364 27

39 411 96 445 ac
132 405 359 456 spectata
398 393 620 448 virtute,
660 391 741 455 qui
786 395 895 441 cum
949 408 1110 456 neque
1163 391 1422 452 doctrina,

42 475 201 524 neque
239 458 431 505 dicendi
465 455 705 508 facultate
744 458 963 507 instructi
998 462 1095 506 sint
1130 459 1192 506 ad
1227 459 1431 505 concio-

40 525 279 581 nandum,
317 538 403 570 aut
439 524 499 568 ad
547 521 885 586 Collegiorum
946 539 1146 572 munera
1197 522 1428 570 obeunda

37 588 179 637 isthic
200 600 419 646 cessant,
443 589 517 635 hic
552 588 598 634 in
625 590 940 638 Ethnicorum
977 589 1305 638 conversione
1328 603 1426 634 ma-

31 670 129 720 gno
166 655 267 703 usui
305 651 451 704 futuri
475 652 603 702 ‚Etsi
639 655 768 700 enim
807 655 907 704 istis
943 655 1064 703 locis
1101 654 1280 716 aliqui-d
1316 653 1426 712 opis

32 718 271 776 afferant,
296 719 365 765 his
386 720 518 767 certe
555 718 702 782 longe
741 719 935 768 uberior
971 736 1143 768 eorum
1180 718 1431 766 industriae

35 783 222 832 fructus
261 783 674 848 exstabit.Siqui
710 789 946 846 praeterea
983 784 1310 833 Conimbricae
1334 796 1436 830 stu-

35 850 225 898 diorum
242 845 552 896 confecerint
571 864 773 907 cursum,
796 867 878 898 eos
913 852 1005 899 huc
1024 852 1083 898 ad
1103 866 1188 898 nos
1210 848 1436 897 eamdem

35 915 100 964 ob
118 929 309 962 causam
327 913 488 961 mittas
504 929 679 963 censeo
701 918 894 982 ‚Qaeso
913 929 961 964 te
977 932 1116 979 ,cave
1136 914 1434 973 committas,

39 994 92 1027 ut
130 978 228 1025 ullo
264 994 394 1026 anno
443 978 695 1027 Sociorum
748 980 1138 1042 supplementum
1188 980 1432 1028 desidere·

43 1060 173 1091 mus,
211 1044 340 1090 Nam
378 1043 456 1106 qui
520 1057 774 1092 versantur
825 1046 875 1092 in
925 1048 1108 1094 Goano
1159 1044 1423 1109 Collegio‚

39 1108 252 1156 nondum
290 1110 400 1155 satis
436 1107 573 1165 usus,
611 1109 879 1169 doctrinae,
918 1127 975 1158 ac
1014 1111 1205 1162 virtutis
1242 1111 1432 1159 habent

41 1175 101 1221 acl
137 1172 510 1220 conversionem
550 1174 868 1221 Ethnicorum
891 1210 903 1221 .

116 1255 188 1286 10.
211 1236 423 1297 Bazaini‚
450 1237 704 1287 Michaelis
728 1238 909 1298 Vasaei,
931 1237 1050 1286 olim
1074 1237 1329 1289 Generalis
1350 1241 1429 1287 In-

40 1302 125 1349 diae
170 1301 374 1353 vicarii.
413 1315 586 1366 rogatu
625 1319 764 1351 terna
801 1319 1112 1356 nummorum
1169 1319 1428 1352 aureorum

41 1367 190 1415 millia
229 1370 333 1418 Rex
370 1367 595 1415 attribuit
631 1369 882 1418 domicilio
919 1369 1223 1428 extruendo,
1262 1368 1430 1416 ubiin-

41 1432 323 1496 digenarum
361 1433 747 1482 Christianorum
785 1434 869 1482 filii
893 1434 1308 1485 doceantur.Hic
1326 1433 1432 1497 qui-1·

41 1499 151 1545 dem
188 1497 354 1560 opinio
393 1511 498 1556 est,
523 1501 710 1564 Regem
748 1499 874 1548 illius
910 1499 1082 1553 domus
1119 1499 1432 1548 administra·

40 1562 227 1611 tionem
266 1579 413 1623 penes
451 1565 755 1614 Societatem
793 1577 1009 1614 nostram
1047 1579 1150 1615 esse
1187 1564 1434 1612 voluisse.

45 1629 177 1674 Nam
216 1644 322 1676 cum
364 1629 609 1681 Michaele
646 1645 767 1679 octo
804 1629 890 1679 aut
927 1647 1107 1682 novem
1144 1632 1168 1678 ὲ
1207 1628 1435 1678 Societa-

42 1694 455 1750 te,Franciscani
492 1710 574 1743 sex
611 1709 858 1744 venerunt
892 1698 916 1745 ὲ
955 1694 1429 1745 Lusitania.Verum

46 1759 295 1818 Michaffl,
335 1759 661 1808 Franciscanis
700 1761 964 1810 Bazainum
1002 1760 1222 1810 devectis
1253 1775 1428 1822 ,pecu-

47 1823 209 1881 niam,
248 1841 389 1887 quam
431 1827 540 1877 Rex
577 1839 779 1879 auctore
812 1829 1008 1890 Joanne
1044 1829 1219 1879 Castro
1260 1828 1430 1873 Prore-

44 1904 105 1953 ge
133 1889 193 1936 ad
212 1889 584 1938 conversionem
611 1892 925 1940 Ethnicorum
947 1890 1307 1958 assignaverat,
1332 1889 1426 1937 eis-

45 1956 151 2002 dem
199 1954 576 2015 dispertiendam
612 1972 669 2005 ac
708 1958 1073 2021 dispensandam
1115 1957 1272 2005 dedit.
1318 1957 1425 2020 Ego

46 2018 192 2085 igitur
228 2021 491 2071 Bazainum
530 2020 780 2083 profectus
817 2056 829 2082 ‚
865 2035 918 2070 ut
955 2021 1158 2081 negotia
1205 2020 1428 2085 quaedam

47 2084 362 2149 transigerem
413 2086 772 2135 Molucensium
838 2087 1265 2141 Christianorum,
1317 2101 1429 2132 cum

47 2151 371 2199 Franciscanis
408 2151 684 2200 collocutus
722 2168 850 2212 sum,
889 2153 968 2216 qui
1004 2154 1064 2200 ad
1116 2151 1430 2212 paucissimos

51 2215 236 2263 redacti
273 2232 346 2264 me
384 2217 534 2266 etiam
571 2230 720 2281 atque
757 2219 906 2266 etiam
944 2230 1212 2284 rogarunt,
1247 2228 1302 2262 ut
1338 2214 1427 2262 ali-

50 2294 194 2342 quem
231 2284 292 2328 eo
328 2282 616 2331 destinarem
653 2286 677 2333 e
716 2283 970 2332 Societate
1013 2317 1024 2343 ,
1062 2282 1141 2346 qui
1180 2283 1235 2333 &
1289 2280 1427 2328 Neo-

51 2344 208 2406 phyt³s
247 2348 512 2395 necessaria
548 2364 608 2396 ex
644 2348 901 2413 acsignata
924 2349 1131 2409 pecunia
1154 2345 1429 2408 impertiret

50 2410 106 2460 δε
144 2409 462 2460 Seminarium
498 2411 617 2461 illud
651 2413 1012 2463 administraret
1043 2450 1053 2462 .
1091 2416 1263 2477 Itaque
1306 2410 1431 2460 Mel-

1224 2476 1360 2525 chio-
