1803 3076
244 271 1012 330 EPISTOLARUM.Lib.1V.
1058 275 1146 340 Ep.
1182 278 1250 323 Π.
1330 277 1420 342 263

170 389 248 438 42.
287 368 578 419 Banduensis
614 367 878 417 Academia
915 379 990 415 est
1024 365 1069 413 in
1104 367 1299 429 Japone
1334 365 1488 416 insula

106 443 251 505 (quae
289 434 472 500 regioni
510 449 692 481 nomen
729 433 902 497 dedit)
939 433 1050 480 sane
1104 430 1305 480 celebris
1339 464 1349 488 ‚
1389 435 1489 495 quo

105 515 314 552 max1ma
351 498 646 548 Bonziorum
696 497 959 546 multitudo
1012 497 1223 545 confluit
1275 498 1335 543 ad
1382 511 1492 544 suas

106 569 234 633 leges
270 564 636 630 cognoscendas
660 597 670 608 .
693 565 781 611 Hae
803 562 863 609 ab
899 562 1020 610 Sinis
1066 563 1228 610 ascitae
1267 563 1489 609 binarum

102 630 399 694 consignatae
420 640 530 676 sunt
550 628 720 676 litteris
742 661 752 686 ‚
772 644 875 691 quae
895 627 1041 690 longe
1062 626 1290 676 differunt
1310 627 1371 674 ab
1405 627 1495 690 Ja-

105 696 287 760 ponicis
310 730 321 742 .
342 695 533 756 Duplex
552 706 625 742 est
643 704 806 741 autem
824 708 870 739 in
888 693 1097 756 japonia
1121 693 1390 741 litterarum
1408 706 1495 757 ge-

103 779 187 810 nus
212 780 224 821 ;
247 760 450 808 alterum
487 759 725 816 virorum,
762 757 1010 806 mulierum
1045 757 1252 806 alterum
1290 774 1300 804 2
1340 756 1495 805 maxi-

105 842 234 874 mam
272 839 463 887 partem
502 837 602 871 turn
643 823 731 871 viri
766 856 777 883 ,
819 837 921 870 tum
959 821 1205 881 foeminae,
1253 821 1493 885 praecipu&

107 896 224 940 vero
261 889 444 938 nobiles
481 905 535 936 ac
557 901 850 937 mercatores
871 887 1034 935 literas
1052 900 1228 935 norunt
1251 923 1262 934 .
1294 886 1494 934 Bonziae

109 956 290 1019 puellas
342 953 388 1000 in
442 955 533 1001 suis
570 953 804 1002 coenobiis
856 953 1025 999 Bonzii
1079 968 1253 1015 pueros
1305 952 1497 1000 litteras

109 1026 293 1069 docent
316 1054 323 1065 .
347 1032 637 1081 quamquam
678 1017 762 1065 viri
803 1017 990 1065 nobiles
1025 1033 1082 1065 ac
1115 1016 1388 1079 locupletes
1425 1014 1497 1064 fe-

110 1089 157 1136 ῐὲ
192 1083 469 1132 domesticis
494 1084 728 1148 magistris
760 1081 936 1130 liberos
973 1098 1082 1130 suos
1117 1083 1315 1132 tradunt
1348 1081 1397 1129 in
1433 1079 1500 1128 dj-

109 1149 385 1213 sciplinam.
1446 1205 1450 1209 ί

175 1230 251 1281 43.
291 1211 463 1261 Bonzii
500 1211 740 1260 acerrimis
776 1222 889 1260 sunt
924 1211 1128 1276 ingeniis
1163 1245 1175 1270 ‚
1213 1228 1370 1260 rerum
1420 1210 1498 1260 fu-

112 1292 326 1329 turarum
362 1277 572 1327 maxime
607 1293 655 1325 se
691 1279 1095 1325 commentationi
1133 1276 1351 1335 dedunt;
1385 1276 1500 1339 quid

113 1344 223 1407 ipsis
262 1342 473 1390 futurum
509 1342 602 1399 sit,
640 1359 781 1406 quem
820 1343 916 1390 sint
952 1342 1139 1389 exitum
1176 1340 1416 1398 habituri,
1439 1342 1497 1393 <Sc

113 1410 205 1457 alia
243 1406 432 1474 generis
469 1405 679 1464 ejusdem
714 1423 823 1455 cum
861 1406 1032 1454 animis
1067 1407 1156 1454 suis
1174 1405 1505 1454 considerant.

112 1477 183 1525 Ex
222 1476 393 1522 horum
429 1488 631 1520 numero
671 1473 808 1519 multi
863 1486 1003 1520 erant
1041 1504 1051 1530 ‚
1090 1471 1169 1535 qui
1221 1471 1313 1518 suis
1365 1486 1501 1518 com-

111 1537 492 1590 mentationibus
530 1541 591 1585 eo
626 1539 816 1584 demum
856 1537 1235 1595 delabebantur,
1271 1548 1325 1584 ut
1359 1548 1523 1599 puta-s

110 1617 218 1655 rent
254 1604 301 1650 in
337 1601 429 1650 suis
467 1602 727 1662 disciplinis
766 1603 881 1649 nihil
920 1618 1020 1650 esse
1057 1601 1259 1664 praesidii
1296 1601 1357 1665 ad
1404 1599 1506 1647 ani—

112 1684 301 1718 morum
339 1666 543 1715 salutem
573 1706 578 1714 .
605 1667 681 1716 Sic
719 1668 846 1715 enirn
883 1683 1045 1715 secum
1066 1665 1509 1714 ratiocinabantur:

113 1733 316 1782 omnino
366 1747 596 1791 oportere
633 1749 779 1780 unum
818 1749 974 1781 rerum
1011 1732 1228 1779 omnium
1250 1748 1350 1780 esse
1379 1731 1510 1793 prin-

116 1799 323 1861 cipium.
362 1795 470 1855 Eius
507 1797 691 1845 nullam
730 1799 778 1845 in
815 1798 909 1845 suis
955 1796 1085 1844 libris
1140 1797 1237 1845 fieri
1296 1795 1512 1844 mentio-

118 1880 266 1912 nem:
304 1864 327 1926 (
363 1878 475 1910 nam
513 1863 571 1910 de
608 1862 746 1916 huius
782 1862 1114 1912 universitatis
1149 1861 1406 1911 molitione
1425 1859 1514 1907 mi-

120 1946 224 1977 rum
262 1928 386 1990 apud
423 1944 594 1975 omnes
629 1928 873 1976 silentium
912 1931 1051 1989 esse)
1090 1925 1322 1987 profecto
1357 1925 1390 1973 si
1431 1924 1512 1988 qui

119 1992 318 2050 huiusce
353 1992 575 2053 principii
627 1992 744 2041 olim
796 1993 1135 2059 cognitionem
1189 1990 1505 2052 acceperint,

123 2058 385 2121 eos,quo.l
426 2056 555 2105 nulla
590 2056 857 2106 litterarum
899 2058 975 2106 vel
1014 2058 1260 2106 hominum
1296 2052 1514 2103 auctori-

120 2135 225 2170 tate
262 2123 549 2171 confirmare
602 2136 801 2184 possent
835 2157 846 2183 ,
885 2123 969 2170 sibi
1024 2122 1247 2172 habuisse
1281 2154 1293 2181 ,
1330 2119 1515 2169 celasse

125 2199 348 2250 posteros
370 2223 381 2235 .

192 2269 270 2316 44.
306 2253 477 2314 Itaque
516 2252 609 2300 hoc
644 2268 794 2317 genus
829 2251 1080 2301 hominum
1102 2250 1261 2299 divina
1285 2252 1385 2299 Lex
1416 2266 1517 2299 ma·

128 2316 378 2378 ximopere
415 2316 721 2365 delectabat.
745 2320 861 2384 Qo
898 2335 959 2366 ex
996 2333 1199 2366 numero
1235 2332 1358 2363 unus
1377 2314 1518 2364 Chri-

131 2394 207 2430 sto
244 2396 291 2429 se
327 2378 547 2440 adjunxit
585 2382 1010 2448 Amangucii,qui
1050 2380 1323 2445 complures
1361 2393 1520 2429 annos

795 2449 909 2514 Rq.
1406 2447 1454 2496 in
