1803 3076
389 259 586 313 EPIST.
622 266 668 312 S.
705 262 946 312 FRANC.
982 265 1143 312 XAV.
1306 261 1407 330 489

85 362 141 412 ὅτ
178 358 353 417 filiam,
390 357 568 406 multos
604 370 835 420 praeterea
870 355 1115 420 utriusque
1151 370 1288 404 sexus
1325 356 1373 404 in
1411 374 1464 405 o-

85 426 182 473 vile
220 423 420 471 Domini
457 422 722 484 compulit
761 423 869 470 Nec
905 423 1018 470 sane
1065 421 1087 481 (
1123 423 1253 483 quod
1304 424 1463 470 cerni-

81 505 183 537 mus
219 489 413 552 adhuc)
451 500 616 536 eorum·
655 487 906 534 consilium
943 485 1240 546 improbatur
1275 485 1323 532 in
1364 487 1465 532 vul-

82 569 201 618 gus:
241 553 297 603 &
334 555 442 615 quia
478 552 691 614 plerique
739 563 916 599 norunt
966 551 1182 608 litteraS,
1235 549 1463 612 perfacile

85 617 370 667 Christianis
406 616 764 681 precationibus
802 626 1106 664 assuescunt.
1134 615 1230 662 Die
1268 631 1345 677 qui
1375 613 1468 663 fuit

80 681 398 746 Archangelo
443 682 668 731 Michaeli
709 697 842 730 sacer
877 692 983 728 curn
1022 681 1154 742 Rege
1189 682 1468 727 Saxumano

80 746 354 818 colloqumuti
388 763 575 795 sumus
601 747 788 810 quinos
834 748 977 808 perh(
988 761 1089 792 nor
1081 746 1184 794 ifice
1221 752 1468 807 acceptos,

83 824 138 860 ut
173 811 282 858 Chr
290 824 454 861 stianae
492 811 606 876 legis
645 811 889 858 volumina
939 810 1204 883 diligenter
1242 809 1469 857 adserva-

81 892 271 948 remus,
309 878 592 924 admonuit.
627 876 981 923 Paucisdeinde
1019 888 1127 946 post
1163 872 1328 922 diebus
1365 874 1468 922 edi-

81 940 182 999 xit,
220 941 367 989 licere
403 957 532 989 omn
526 941 652 999 hm,
692 940 769 1003 qni
806 940 892 987 sub
940 938 1038 1011 eius
1084 940 1287 1001 irnperio
1323 950 1464 998 sunt,

77 1006 179 1053 fieri
219 1004 541 1052 Christianos.
580 1009 697 1053 Haec
736 1006 869 1052 nobis
905 1005 1043 1051 initia
1080 1019 1178 1051 sese
1215 1005 1336 1052 dant
1387 1005 1466 1050 iae-

77 1081 130 1117 ta
166 1071 366 1130 utique;
406 1083 719 1118 veruntamen
757 1070 1012 1116 admodum
1051 1067 1237 1117 incerto
1276 1084 1465 1116 succes-

83 1149 168 1180 su.
207 1135 390 1196 Magna
427 1135 603 1198 quippe
639 1134 758 1181 muit
765 1135 901 1181 itudo
939 1149 1104 1180 eorum
1143 1134 1346 1196 est‚qui
1384 1149 1468 1180 ne-

82 1195 203 1246 faria
240 1198 372 1253 huius
409 1212 544 1246 teriae
580 1215 714 1246 sacra
753 1212 1042 1260 procurant.
1080 1200 1200 1246 Cum
1255 1199 1469 1260 ipsorum

81 1262 273 1324 placitis
311 1277 460 1327 atque
497 1265 815 1323 commentis,
854 1265 984 1324 qnod
1035 1263 1307 1310 Christiana
1359 1278 1470 1310 tan-

81 1332 252 1389 topere
288 1342 474 1392 pugnat
509 1330 715 1387 veritas,
757 1327 863 1378 vald
839 1333 893 1379 ὲ
930 1327 1224 1388 suspicamur
1259 1327 1396 1377 fore
1414 1339 1468 1374 ut

80 1392 202 1440 licet
239 1393 285 1440 in
324 1393 579 1455 praesentia
617 1395 752 1441 no'ois
790 1392 955 1443 favere
994 1393 1275 1452 videantur,
1299 1406 1464 1439 tamen

83 1473 192 1505 cum
231 1474 303 1505 res
338 1458 568 1521 paulatim
607 1459 841 1530 progredi
863 1457 1066 1520 coeperit
1102 1483 1114 1517 ‚-
1150 1468 1365 1505 nostram
1420 1457 1469 1504 in

84 1517 345 1595 perniciem
384 1526 483 1570 tum
520 1524 724 1572 saeviant
759 1523 875 1584 ipsi,
926 1537 1025 1571 tum
1065 1526 1184 1571 vero
1232 1521 1465 1583 populum

80 1582 372 1645 concitent5
409 1589 585 1651 alioqui
628 1605 708 1650 per
743 1604 792 1636 se
829 1589 1022 1636 minime
1059 1587 1195 1634 nobis
1227 1587 1470 1634 infestum.

56 1651 248 1700 *Fixum
286 1665 451 1700 autem
488 1669 544 1699 ac
580 1666 765 1701 certum·
802 1666 872 1700 est
909 1652 1076 1699 nobis
1098 1653 1235 1699 sicuti
1268 1653 1327 1700 ab
1363 1668 1468 1698 om-

80 1717 126 1763 ni
165 1732 352 1779 prorsus
388 1717 689 1766 contumelia
729 1720 782 1768 &
819 1711 976 1782 iurgiis
1012 1717 1284 1765 abstinere
1311 1716 1460 1763 itaab

79 1781 306 1845 gentibus
343 1783 402 1829 ad
441 1783 776 1853 cognitionem
816 1780 1127 1839 Conditoris,
1167 1781 1375 1830 linerat(
1367 1798 1466 1829 ris-

80 1856 174 1908 que
211 1847 361 1894 nostri
400 1847 602 1894 Domini
636 1849 749 1909 Jesu
773 1848 952 1895 Christi
975 1815 1205 1895 vocarislis
1243 1843 1372 1894 nulla
1394 1863 1468 1894 ra-

81 1912 219 1958 tione
256 1911 507 1959 desistere.
543 1914 692 1977 Quod
729 1911 764 1959 si
817 1912 1070 1972 evenerit,
1123 1924 1175 1959 ut
1225 1911 1271 1958 in
1319 1927 1462 1960 causa

79 1987 181 2024 tam
221 1973 450 2034 honesta,
490 1989 688 2039 tamque
725 1977 807 2037 pio
843 1994 899 2025 ac
935 1972 1129 2025 salutari
1168 1976 1371 2038 neoorio
1395 1976 1464 2021 vi-

82 2055 183 2089 tam
222 2056 486 2112 ponamus;
524 2057 591 2087 nae
629 2056 715 2088 nos
752 2042 796 2088 id
833 2043 878 2088 in
916 2043 1073 2106 magni
1113 2015 1333 2089 beneficii
1385 2041 1456 2088 lo-

75 2121 138 2153 co
174 2105 463 2167 accipiemus
497 2122 523 2153 a
559 2105 776 2154 Domino
812 2104 945 2163 cuius
983 2107 1231 2169 praeceptis
1279 2105 1464 2177 anima-

79 2186 182 2218 rum
219 2173 453 2229 salutem,
493 2171 706 2233 corporis
744 2171 889 2219 nostri
926 2170 1110 2223 iactura
1145 2170 1344 2218 mercari
1392 2169 1464 2228 jn-

81 2235 285 2284 bemur?
325 2237 519 2284 Utinam
558 2234 707 2284 modo
745 2252 830 2282 nos
879 2237 1052 2285 mentis
1102 2252 1226 2283 cano
1217 2237 1367 2282 orem
1404 2235 1461 2288 <Sc

77 2298 466 2362 simplicitatem,
505 2317 606 2363 quae
646 2301 809 2348 Sancti
848 2303 1046 2363 Spiritus
1074 2303 1240 2366 gratis:
1247 2301 1341 2348 ima
1387 2316 1458 2348 se-

77 2364 162 2413 des
199 2376 300 2425 est,
336 2381 444 2415 cum
478 2365 572 2415 fide
608 2379 912 2429 praestemus,
964 2369 1124 2432 Qam
1178 2377 1341 2416 tamen
1395 2366 1456 2413 ad

1182 2451 1187 2456 '
1291 2443 1404 2482 rem·
