1803 3076
353 311 443 365 134
548 310 551 312 -
581 293 630 341 S.
666 290 1038 342 FRANmscI
1073 292 1365 342 XAVERH

286 391 398 440 lutis
431 389 718 455 gravissimis
745 388 1309 453 expositamrquousque
1330 404 1516 451 semper
1545 400 1678 451 pere·

292 457 485 522 grinus‚
523 455 699 518 ubique
733 454 934 515 hospes,
971 453 1202 518 nusquam
1241 455 1325 502 nisi
1366 456 1585 516 precario
1607 456 1678 502 di-

291 533 590 578 versaretur,
629 534 872 581 nunquam
906 520 952 564 in
1002 535 1087 566 suo
1148 519 1458 582 quiesceret?
1499 519 1683 567 nullum

291 585 558 650 colligendi
592 585 692 642 sui,
729 583 1040 644 rationesque
1079 584 1405 646 componendi
1427 585 1682 634 conscien-

291 651 372 699 tiae
411 664 616 696 vacuum
651 647 859 709 spatium
897 650 1142 697 haberet?
1188 650 1261 696 Ad
1295 665 1352 696 ea
1388 649 1468 696 ille
1517 663 1682 698 osten-

289 716 359 763 dit
407 716 531 762 haud
564 728 610 760 se
650 711 891 773 aspernari
931 712 1225 760 benevolum
1249 714 1523 762 monitum:
1564 714 1680 776 quin

289 782 344 830 δι
384 779 470 826 sibi
508 777 599 836 jam
637 775 855 824 subnasci
892 777 1085 823 taedium
1122 775 1267 824 fassus
1303 789 1375 825 est
1417 779 1681 826 infinitier-

290 845 454 893 roris:
477 845 561 890 Sat
594 858 642 889 se
676 842 912 890 habitasse
950 842 995 887 in
1021 841 1158 900 navi,
1179 853 1471 906 portumque
1507 859 1564 890 ae
1583 857 1678 891 sta-

297 909 485 957 tionem
516 906 760 969 tranquilli
800 918 952 953 status
984 922 1091 954 cum
1127 906 1364 955 desiderio
1418 907 1680 967 respicere.

298 972 439 1021 Velle
478 973 683 1034 denique
716 970 1013 1019 domicilium
1052 968 1229 1019 alicubi
1264 968 1441 1038 figere,
1479 974 1535 1024 &
1572 989 1676 1035 quae

289 1037 443 1086 multa
482 1039 615 1086 varia
639 1053 727 1085 nec
760 1034 940 1083 infelici
974 1036 1312 1102 negotiatione
1348 1050 1677 1099 comparasset

291 1102 525 1167 colltgere
565 1102 649 1149 sub
687 1100 921 1149 familiare
961 1113 1178 1161 tectum,
1216 1101 1295 1149 ubi
1330 1118 1444 1164 opes
1487 1102 1677 1151 abunde

290 1180 548 1231 congestas
587 1168 632 1214 in
670 1182 753 1214 eos
789 1181 894 1214 usus
914 1178 1156 1225 verteret,
1183 1183 1301 1230 quos
1337 1167 1678 1227 misericordia,

295 1230 463 1297 religio
500 1264 511 1292 ⁵
569 1244 832 1297 gratusque
869 1231 914 1277 in
953 1230 1230 1296 largitorem
1271 1234 1433 1279 Deum
1481 1233 1683 1291 animus,

290 1299 497 1370 denique
533 1299 829 1345 conveniens
866 1296 1066 1344 deflexae
1112 1294 1206 1356 jam
1252 1299 1388 1346 aetati
1429 1297 1590 1362 quies,
1622 1299 1678 1349 &

287 1377 503 1426 corporis
532 1379 643 1410 cura
679 1372 938 1424 poscerent
959 1396 970 1408 .

353 1445 396 1478 2.
434 1431 561 1475 Dum
594 1429 686 1477 hoc
726 1442 949 1474 sermone
968 1426 1360 1488 proveheremur‚
1404 1425 1679 1488 opportune

288 1495 488 1543 recurrit
531 1493 695 1540 animo
751 1491 982 1539 memoria
1025 1491 1164 1539 bonae
1223 1492 1348 1538 illius
1406 1494 1677 1551 Matronae,

289 1574 434 1623 quam
467 1559 530 1605 ob
568 1570 839 1606 maternum
873 1557 919 1603 in
970 1557 1260 1605 societatem
1291 1570 1503 1605 nostram
1530 1556 1681 1605 affec-

286 1637 391 1672 tum
429 1623 717 1685 quotidiana
739 1620 1009 1670 officiorum
1026 1621 1284 1670 sedulitate
1305 1622 1682 1681 testatissimum‚

289 1703 491 1736 matrem
529 1688 681 1753 vulgo
718 1699 930 1735 nostram
958 1687 1294 1734 consuevimus
1328 1690 1685 1749 vocare.Ergo

290 1753 542 1802 Carvallio
591 1752 816 1814 proposui
873 1749 1155 1815 conjugium
1207 1768 1313 1800 cum
1356 1749 1496 1810 ⁴hujus
1543 1751 1686 1801 filia:

291 1817 462 1867 Puellae
500 1818 676 1865 bonam
709 1815 956 1874 indolem,
993 1817 1221 1864 virtutem
1273 1833 1329 1864 ac
1369 1832 1553 1865 morum
1597 1820 1683 1866 ho-

295 1895 532 1932 nestatem
555 1898 611 1929 ex
646 1896 763 1930 vero
796 1882 1355 1940 commemoran3,h.1ud
1389 1883 1532 1929 surdo
1567 1897 1682 1930 can-

291 1946 661 2006 tatum‚movit
694 1946 940 1994 hominem
972 1946 1222 2008 plurimum
1254 1959 1385 2006 mea,
1421 1945 1584 1994 laudes
1624 1962 1683 1994 ac

288 2012 428 2062 dotes
473 2012 667 2076 virginis
703 2012 803 2059 sine
839 2010 952 2059 fuco
985 2011 1299 2074 exequentis,
1331 2011 1492 2058 oratio
1526 2027 1536 2057 :
1569 2011 1684 2074 quid

292 2079 443 2125 multa
484 2080 503 2124 ?
562 2075 783 2139 promisit
818 2091 866 2123 se
915 2075 1045 2124 illam
1091 2073 1350 2141 coniugem
1393 2076 1686 2125 ducturum:

292 2158 383 2190 nec
417 2142 589 2188 dubito
616 2141 755 2205 quin,
794 2154 880 2203 pro
914 2141 997 2188 sua
1033 2141 1197 2189 cetera
1233 2138 1684 2200 veracitate‚iure-

295 2223 392 2269 que
428 2206 679 2265 amicitiae,
713 2207 843 2268 quod
876 2207 1042 2254 sancte
1076 2221 1262 2267 semper
1284 2221 1475 2254 mecum
1509 2205 1682 2266 coluit,

294 2273 441 2321 fidem
480 2272 684 2334 polliciti
716 2271 851 2319 facto
885 2283 1199 2332 repraesentet
1220 2304 1229 2316 .
1253 2272 1298 2317 in
1321 2286 1370 2318 re
1402 2269 1680 2331 praesertim,

295 2352 437 2400 quam
472 2337 559 2384 sibi
595 2337 829 2399 amplam,
861 2335 1059 2395 utilem,
1105 2335 1454 2394 honorificam,
1484 2335 1543 2381 ad
1597 2350 1681 2394 pa-

288 2416 396 2455 cem
421 2401 923 2467 tranquillitatemque
942 2399 1055 2454 vitae
1073 2406 1498 2456 accommodatam
1536 2398 1676 2459 plan&

1442 2478 1568 2533 agno
1590 2491 1609 2504 ο
