1803 3076
399 333 466 384 40
648 323 696 372 S.
729 322 1097 373 FRANCISCI
1133 322 1416 373 XAVERII

350 432 425 466 sas
462 414 729 465 amoveant
764 417 1086 477 miseriMirum
1123 420 1206 466 sub
1261 419 1429 482 quibus
1473 434 1598 467 nunc
1650 434 1733 484 ge·

355 495 526 541 munt,
564 498 680 544 quas
715 484 762 530 in
803 498 1044 554 posterum
1083 498 1467 542 metuiin13cum
1507 500 1611 547 quae
1650 499 1732 545 pa-

346 547 533 597 tiuntur
568 547 725 606 mala,
747 547 966 595 nihilnisi
990 566 1143 611 poenae
1181 549 1429 611 culparum
1467 549 1590 597 sint:
1619 565 1736 611 qua-

346 627 398 660 re
434 611 525 658 illis
562 628 765 677 purgare
801 613 1008 672 animas,
1050 628 1252 676 peccata
1288 613 1522 672 fatendo,
1560 615 1736 661 volen—

345 677 472 725 tibus
509 692 641 724 aures
686 710 696 734 ,
737 691 968 740 quantum
1013 680 1295 737 vacaverit,
1333 678 1736 726 commoda.His

346 742 617 803 procuratis
655 758 759 803 quae
796 744 856 789 ad
892 742 1105 789 animum
1145 747 1423 802 pertinent,
1460 744 1507 790 in
1543 744 1596 790 iis
1633 759 1739 805 quae

343 820 515 869 corpus
552 819 805 867 spectant,
844 820 988 868 prout
1023 809 1234 866 poteris,
1273 807 1450 854 miseris
1487 810 1737 855 consules:

343 871 738 920 commendando
776 887 859 941 eos
894 871 1196 919 curatoribus
1220 875 1470 919 Domuum
1523 872 1736 930 illarum,

344 937 425 985 vel
459 936 520 983 ab
555 934 658 983 aliis
695 936 775 998 qui
813 935 979 992 iuvare
1016 936 1142 1000 ipsos
1199 950 1380 1000 queant
1411 970 1422 996 ,
1461 954 1564 1001 quae
1618 952 1739 1001 opus

341 1001 528 1052 habent
564 1002 913 1064 corrogando.

411 1082 453 1133 3.
492 1068 703 1115 Carcere
740 1066 968 1114 detentos
1004 1065 1154 1113 adibis
1205 1066 1351 1113 etiam
1386 1098 1397 1125 ,
1435 1066 1491 1117 &
1536 1067 1738 1115 concio-

343 1146 428 1179 nes
464 1132 525 1178 ad
562 1146 645 1178 eos
683 1130 907 1184 habebis
939 1135 1252 1212 magnopere
1273 1132 1533 1178 adhortans
1571 1135 1632 1180 ad
1670 1131 1739 1179 vi-

339 1208 444 1246 tam
482 1195 756 1243 universam
793 1195 1091 1258 praete1itam
1128 1197 1261 1243 sacia
1297 1193 1607 1245 confessione
1665 1212 1740 1244 re-

338 1263 664 1310 censendam.
701 1262 798 1308 Ista
836 1261 944 1309 huic
979 1261 1144 1332 generi
1183 1261 1428 1308 hominum
1481 1262 1631 1327 magis
1681 1278 1734 1308 o-

336 1342 423 1390 pus
460 1324 801 1373 admonitione
840 1338 946 1386 est3
968 1325 1152 1373 ideirco
1174 1327 1305 1389 quod
1340 1325 1483 1373 multi
1521 1328 1601 1375 vel
1638 1326 1740 1389 ple-

343 1393 481 1454 rique
518 1390 752 1452 ipsorum,
774 1390 953 1438 nullam
992 1406 1049 1438 ex
1089 1406 1186 1453 quo
1224 1403 1334 1438 sunt
1370 1391 1476 1437 nati
1515 1407 1741 1440 exactam

340 1467 661 1518 peccatorum
698 1454 1059 1505 confessionem
1097 1454 1355 1503 obierunt.
1380 1455 1478 1503 Sub
1514 1457 1614 1505 haec
1652 1459 1740 1504 So-

341 1521 473 1568 dales
513 1519 868 1569 Misericordiae
905 1519 1102 1585 rogabis
1143 1534 1196 1567 ut
1249 1536 1412 1568 curam
1468 1521 1536 1568 in
1525 1519 1740 1570 elicium

337 1584 532 1633 illorum
567 1597 786 1650 gerant3
824 1587 1016 1650 agendo
1064 1601 1169 1632 curn
1220 1584 1470 1648 Judicibus
1520 1599 1573 1634 ut
1625 1586 1735 1645 juris

336 1651 548 1707 ipsorum
587 1651 801 1698 habeant
835 1652 1104 1710 rationem,
1122 1651 1249 1702 &iis
1289 1651 1454 1712 quibus
1492 1650 1626 1699 deest
1646 1666 1734 1698 un-

339 1717 399 1763 de
435 1715 661 1774 alantur,
700 1716 885 1764 victum
925 1716 1243 1764 necessarium
1280 1716 1541 1763 donando.
1575 1719 1728 1764 Soda-

335 1780 468 1828 litati
509 1748 854 1829 Miser'icordiae
890 1780 1120 1829 inservies
1156 1795 1390 1835 quantum
1411 1782 1592 1842 poteris
1610 1780 1731 1838 ejus-

339 1861 433 1910 que
485 1856 534 1894 te
581 1846 850 1893 studiosum
889 1845 936 1893 in
973 1845 1133 1917 primis
1170 1845 1323 1904 feres,
1362 1848 1735 1908 promovendo,

341 1911 767 1970 commendando,
806 1910 951 1974 eique
988 1908 1272 1969 adjuvandae
1311 1927 1511 1972 operam
1547 1928 1595 1959 in
1633 1927 1735 1959 om-

339 1976 478 2024 nibus
515 1975 922 2036 promptissimam
962 1978 1153 2024 strenue
1193 1976 1447 2023 navandO.

401 2060 448 2106 4
487 2041 534 2088 Si
570 2057 775 2104 quorum
828 2041 873 2088 in
925 2040 1019 2089 isto
1071 2040 1304 2102 Emporio
1358 2039 1734 2101 pecuniosorum

337 2105 588 2160 hominum
625 2104 1009 2154 confessionibus
1046 2105 1222 2153 audiris
1259 2104 1589 2168 perspexeris,
1628 2121 1734 2178 gra-

334 2171 433 2221 vari
475 2186 558 2219 eos
595 2169 897 2219 conscientia
943 2170 1066 2219 male
1118 2183 1409 2232 partorum,
1448 2186 1550 2232 quae
1600 2170 1735 2218 resti-

334 2248 475 2286 tuere
511 2238 718 2285 omnino
755 2238 810 2288 8(
847 2235 1089 2290 debeant,
1129 2237 1185 2287 &
1223 2235 1409 2283 velint.
1431 2249 1522 2282 nec
1559 2246 1728 2282 tamen

334 2302 384 2349 id
418 2299 579 2350 facere
614 2299 756 2363 passis
795 2299 1012 2356 iniuriam
1049 2302 1259 2363 possint,
1298 2299 1424 2371 quod
1473 2299 1500 2346 ii
1529 2299 1604 2347 vel
1643 2300 1730 2348 ob-

336 2365 510 2438 ierint,
568 2367 647 2415 vel
698 2366 778 2429 qui
814 2365 910 2413 sint
944 2378 1030 2414 aut
1066 2364 1176 2425 ubi,
1215 2365 1489 2421 nesciatur3
1508 2379 1614 2412 eam
1642 2379 1726 2425 pe-

338 2430 534 2482 cuniam
552 2432 682 2481 ultro
700 2431 820 2481 licet
840 2430 931 2480 tibi
951 2431 1198 2481 obtrusam
1219 2463 1233 2492 ,
1252 2429 1494 2496 integram
1513 2428 1720 2544 transger-

1602 2511 1631 2543 a
