1803 3076
203 287 703 343 EPISTOLARUM·
736 285 841 334 Lib.
876 287 956 334 IV:
991 288 1233 351 Ep.XVI.
1299 303 1389 356 325

84 385 272 435 cultate
307 384 561 448 praeditus,
598 395 650 431 ut
704 382 894 445 quoties
948 382 1065 431 dicit
1114 383 1173 431 ad
1225 386 1461 446 populum

82 454 105 512 (
143 451 255 499 dicit
289 463 451 497 autem
487 449 652 510 saepius
687 451 710 512 )
746 449 865 495 fletu
902 460 959 495 ac
994 450 1176 511 gemitu
1225 449 1458 510 templum

83 516 415 577 compleatur.
438 517 514 562 D
522 531 552 562 o
591 514 830 561 bonorum
868 512 1081 560 omnium
1119 512 1337 578 largltori
1374 515 1458 562 ha-

80 581 239 628 benda
271 592 344 627 est
377 577 565 651 gratia.

147 662 195 707 4.
232 645 395 691 Frater
431 659 493 702 is,
532 642 612 705 qui
654 643 736 689 has
771 639 857 688 tibi
898 640 1082 691 litteras
1118 641 1291 692 reddet
1328 677 1339 702 ‚
1378 639 1459 691 ist-

86 710 178 757 huc
215 708 381 767 venit,
416 721 468 756 ut
503 711 664 755 coram
701 723 758 754 ex
798 723 857 755 eo
895 723 1158 772 cognoscas
1197 721 1463 771 ,quanto-

82 789 196 843 pere
217 788 314 820 non
336 772 488 820 solum
506 774 714 834 Japonia
736 774 789 822 &
811 787 1007 837 regnum
1029 773 1247 820 Sinarum
1266 772 1325 838 (si
1348 776 1460 821 Deo

85 836 349 894 adiuvante
385 839 570 885 aditus
609 849 662 884 ut
696 852 866 897 spero,
904 836 1172 900 Evangelio
1209 838 1464 902 patuerit)

88 919 252 950 verum
289 904 436 950 etiam
477 900 611 949 India
645 901 742 962 ipsa
779 903 984 950 Patrese
1018 902 1268 951 Societate
1304 903 1462 974 requi-

84 980 187 1038 rat,
226 966 351 1014 viros
373 967 624 1029 ‚inquam,
670 981 844 1029 magno
882 982 1034 1013 rerum
1058 983 1180 1025 usu,
1218 965 1465 1042 praestanti

84 1049 129 1080 v
137 1044 263 1080 rtute
300 1047 355 1079 ac
393 1031 520 1091 fide5
561 1033 737 1078 robore
774 1043 935 1077 autem
979 1032 1053 1078 vel
1089 1032 1232 1080 animi
1258 1032 1464 1080 velcor-

89 1097 220 1163 poris
254 1095 510 1159 singulari.
548 1094 689 1142 Tales
726 1094 963 1155 praecipue
1000 1109 1200 1153 oportet
1237 1113 1361 1155 esse,
1383 1094 1466 1168 qui

93 1161 142 1207 in
176 1134 657 1222 Japon1am,Sinas,
686 1158 964 1219 Molucun„
1005 1161 1282 1209 Armuziam
1319 1160 1465 1210 desti-

93 1238 299 1275 uantur.

155 1308 198 1355 5.
232 1287 332 1352 Qi
368 1285 514 1335 haec
502 1304 548 1334 1n
568 1283 694 1336 loca
731 1287 922 1336 venturi
979 1300 1087 1336 sunt
1123 1303 1139 1349 ;·
1174 1301 1227 1338 ut
1278 1288 1468 1340 animo-

93 1370 194 1404 rum
230 1354 370 1401 saluti
405 1352 663 1401 consulant
694 1386 704 1411 ‚
742 1353 920 1399 duabus
958 1355 1084 1401 hisce
1122 1355 1280 1402 rebus
1306 1371 1469 1404 carere

99 1434 196 1467 non
234 1419 447 1467 debent:
480 1418 713 1489 primum,
752 1430 804 1464 ut
840 1417 935 1465 sint
970 1418 1212 1467 laboribus
1246 1420 1419 1492 assueti
1456 1437 1472 1480 ;

96 1483 145 1531 in
181 1483 349 1546 quibus
385 1495 440 1530 ut
475 1482 672 1553 quisque
709 1482 916 1530 maxime
952 1496 1197 1544 spectatus
1247 1501 1307 1532 er
1301 1485 1362 1544 '‚t
1401 1486 1469 1532 ita.

93 1547 346 1612 plurimum
371 1548 437 1597 8(
473 1546 559 1593 sibi
597 1549 650 1619 8(
686 1546 786 1593 aliis
823 1547 1065 1607 proderit:
1085 1548 1365 1613 deinde,ut
1397 1565 1471 1596 sa·

95 1613 155 1661 tis
191 1612 364 1660 litteris
400 1611 618 1659 instructi
671 1612 730 1658 ad
783 1627 1028 1659 sermones
1081 1610 1324 1661 habendos
1357 1647 1368 1674 ,
1407 1613 1470 1661 ad

93 1677 356 1725 audiendas
393 1674 751 1733 confessiones,
789 1676 850 1722 ad
896 1675 1106 1724 infinitas
1146 1677 1470 1737 Bonziorum,

96 1753 200 1790 tum
233 1742 500 1805 Japonum,
526 1753 626 1788 tum
648 1740 868 1788 Sinarum
906 1742 1138 1804 quaesticn
1129 1757 1192 1789 ,es
1210 1744 1470 1808 profligan·

96 1807 212 1854 das·
250 1808 374 1854 Nam
414 1807 734 1864 Sacerdotes,
771 1806 848 1867 qui
897 1806 1034 1853 isthic
1081 1807 1273 1855 inutiles
1323 1818 1469 1867 sunt,

93 1872 171 1919 hic
208 1871 402 1919 minime.¹
437 1882 547 1919 sunt
582 1869 867 1918 necessarii.
903 1871 983 1918 Ob
1019 1886 1066 1917 ea
1079 1886 1122 1917 m
1159 1887 1350 1920 <ausam
1408 1888 1469 1920 ex

92 1951 177 1983 usu
215 1951 314 1983 esse
349 1936 529 1994 statui,
565 1935 689 1982 hunc
742 1935 802 1982 ad
838 1946 889 1982 te
940 1935 1172 1993 mittere,
1211 1935 1289 1999 qui
1340 1935 1472 1985 hisce

97 2003 157 2048 de
193 2000 331 2048 rebus
364 1967 529 2047 tecum⁵
562 2010 762 2071 ageret:
787 2000 840 2050 8(
871 2000 930 2047 de
967 2012 1051 2047 tua
1086 2000 1332 2049 sententia
1368 2000 1473 2047 ido·

105 2079 224 2112 neos
258 2064 384 2113 viros
423 2064 660 2128 deligeret
685 2062 811 2125 prius
836 2081 1008 2126 ,quam
1047 2065 1254 2115 Romam
1294 2065 1354 2112 ad
1390 2067 1478 2113 Pa-

96 2136 220 2178 trem
256 2141 475 2177 nostrum
515 2130 756 2187 Ignatium
807 2142 1058 2193 pergeret.

171 2196 218 2242 6.
255 2194 388 2241 ldem
425 2209 550 2241 enim
589 2194 647 2239 ad
682 2208 790 2241 eum
826 2193 1116 2258 allegatur·
1152 2194 1380 2255 primurn,
1419 2202 1476 2242 ut

99 2270 351 2316 expertum
388 2258 442 2309 8(
477 2259 704 2305 idoneum
737 2257 947 2319 aliquem
992 2274 1048 2306 ac
1083 2271 1353 2319 spectatum
1390 2259 1478 2305 ho-

104 2322 282 2369 minem
317 2325 343 2370 ὲ
378 2323 657 2370 Societate
649 2323 1000 2394 eumdemque
1020 2322 1132 2370 fam
1142 2322 1307 2370 liarem
1341 2338 1476 2370 suum

99 2386 157 2438 ὅ(
192 2387 344 2437 nostri
379 2386 588 2436 instituti
624 2386 828 2452 peritum
864 2387 1074 2451 inprimis
1119 2388 1285 2437 mittat
1314 2386 1477 2436 Goani

679 2456 724 2499 X
762 2466 787 2517 3
1318 2452 1406 2499 hu·
