1803 3076
444 290 512 357 98
695 286 745 335 S.
778 281 1150 336 FRANCISCI
1184 278 1469 328 XAVERII

381 380 458 442 bi,
498 383 555 435 ὅτ
590 379 853 432 Christiani
890 394 1002 428 sunt
1037 375 1241 442 perboni
1264 411 1275 422 .
1312 372 1490 422 Christi
1541 372 1762 439 Religio-

382 461 494 494 nem
530 458 841 509 susceperunt
876 447 1032 504 Goae3
1069 444 1256 497 litteras
1293 450 1533 486 nostrates
1589 439 1767 487 ibidem

380 512 429 559 in
466 512 695 578 Collegio
731 515 921 560 Sanctae
962 509 1088 556 Fidei
1126 510 1234 555 cum
1270 504 1433 567 legere
1469 515 1573 551 tum
1611 506 1767 552 etiarn

383 578 641 626 scribendo
679 576 888 624 formare
940 574 1210 621 didicerunt
1246 606 1257 618 .
1293 572 1517 618 Mensem
1571 584 1772 632 quisque

381 640 593 703 ipsorum
628 643 873 704 integrum
896 638 1135 686 Asceticis
1157 633 1658 684 commentationibus
1679 650 1770 680 im-

380 708 578 768 pendit,
616 705 774 754 fructu
811 703 958 750 animi
995 702 1242 759 maxim03
1279 715 1422 763 quem
1474 699 1768 762 quotidianis

383 773 477 820 huc
512 787 660 835 usque
697 786 786 818 nec
822 767 980 831 parvis
1036 767 1280 814 cumulare
1339 766 1610 828 augmentis
1663 780 1771 826 per·-

378 849 501 900 gunt
521 873 532 883 .
570 836 844 886 Incitantur
880 847 1045 880 omnes
1064 833 1123 878 ad
1146 828 1351 877 reditum
1379 829 1427 878 in
1450 830 1658 889 patriam
1686 829 1770 876 de-

378 900 553 949 siderio
588 899 773 966 ingenti
809 895 1202 946 communicandi
1249 894 1481 958 cognatis
1521 895 1575 944 &
1627 893 1770 940 fami-

376 964 571 1014 liaribus
604 968 877 1014 thesaurum
913 978 1058 1026 quem
1096 959 1422 1020 invene'runt5
1461 958 1514 1009 &
1549 962 1577 1007 a
1629 958 1765 1006 vanis

381 1030 802 1092 superstitionibus
838 1030 1073 1077 abductos
1112 1023 1396 1088 populeum,
1435 1022 1658 1081 Christo,
1682 1023 1764 1086 qui

380 1094 462 1142 lux
493 1096 718 1159 salusque
752 1094 897 1145 unica
934 1091 1099 1140 mundi
1122 1103 1224 1142 est,
1247 1087 1549 1138 conciliandi
1575 1124 1586 1137 .
1608 1087 1760 1143 Aiunt

377 1160 595 1225 cogitare
631 1161 728 1211 illic
764 1159 952 1222 aliquos
988 1161 1013 1206 ὲ
1048 1154 1333 1206 Potentibus
1371 1170 1527 1202 rerum
1560 1186 1571 1211 ‚
1609 1152 1759 1200 desti-

376 1240 495 1274 nare
530 1226 829 1292 legationem
865 1224 923 1271 ad
974 1224 1162 1285 Regem
1216 1219 1498 1277 Lusitaniae,
1537 1218 1631 1281 qua
1681 1219 1767 1264 Sa-

380 1292 605 1339 cerdotes
641 1291 1027 1354 promulgatores
1064 1286 1181 1350 legis
1235 1283 1414 1333 Christi
1451 1284 1511 1331 ad
1548 1298 1598 1330 se
1634 1281 1766 1331 mitti

376 1355 662 1418 postulent.
698 1357 822 1404 Imus
862 1353 1067 1401 universi
1106 1349 1280 1413 magna
1330 1350 1598 1412 gestientes
1651 1347 1768 1397 fidu-

379 1420 455 1469 cia
491 1418 674 1468 fructus
711 1436 809 1469 non
848 1416 1111 1483 vulgaris(
1148 1413 1370 1473 adjutura
1408 1429 1492 1475 pro
1541 1411 1625 1461 sua
1679 1412 1767 1459 mi-

379 1486 644 1534 sericordia
680 1485 859 1533 debiles
911 1494 1101 1530 nostros
1154 1491 1360 1528 conatus
1414 1477 1512 1527 Dei
1564 1476 1769 1526 Domini

376 1550 529 1598 nostri
565 1547 964 1612 omnipotentia)
1000 1563 1058 1596 ex
1112 1547 1201 1594 hac
1251 1541 1559 1607 profectione
1608 1541 1769 1604 prodi-

377 1615 504 1662 turi.
539 1617 643 1681 Ego
681 1615 794 1665 satis
832 1612 924 1667 iam
958 1626 1132 1676 gnarus
1168 1621 1403 1674 quantum
1437 1610 1487 1655 in
1537 1606 1607 1655 his
1657 1623 1763 1669 par-

376 1679 502 1727 tibus
539 1681 689 1742 possit
724 1680 928 1743 profici3
964 1678 1000 1724 si
1036 1676 1230 1726 ultim-as
1278 1675 1327 1721 in
1381 1673 1486 1721 illas
1542 1672 1765 1735 appulsus

378 1745 586 1805 Insulas,
625 1745 727 1808 plus
762 1744 861 1792 illic
915 1741 1091 1790 merito
1145 1740 1323 1803 sperari
1375 1755 1435 1787 ex
1487 1737 1765 1786 ministeriis

378 1809 552 1858 nostris
589 1809 894 1873 operaepretii
931 1808 1058 1856 clare
1094 1821 1318 1864 senser0‚
1357 1816 1644 1854 evocaturus
1679 1817 1767 1851 vos

382 1873 499 1921 illuc
535 1875 591 1922 ad
626 1892 702 1924 me
739 1892 874 1934 sum,
912 1875 967 1925 ὅτ
1003 1872 1062 1920 ad
1095 1886 1296 1920 messem
1318 1869 1589 1918 uberiorem
1627 1869 1762 1929 Ope-

376 1939 527 1987 rarios
564 1952 836 1990 tracturus:
876 1953 1021 2003 quare
1049 1948 1330 1998 comparate
1366 1935 1583 1993 animOS,
1606 1933 1662 1984 &c
1682 1948 1765 1980 ex-

378 2004 546 2067 pedite
583 2004 818 2069 impetum
853 2002 947 2063 jam
983 2017 1142 2061 nunc>
1179 2014 1233 2050 ut
1286 1998 1402 2047 nihil
1457 2014 1543 2047 vos
1595 2008 1767 2046 teneat

374 2068 626 2132 quominus
665 2070 772 2119 visis
809 2069 926 2118 meis
959 2068 1006 2115 in
1038 2067 1280 2131 Japonem
1316 2062 1636 2112 evocantibus
1683 2061 1764 2110 lit-

377 2135 520 2194 teris,
555 2137 655 2183 sine
692 2135 791 2183 ulla
827 2136 1146 2185 cunctatione
1184 2129 1390 2194 pareatis
1415 2164 1428 2175 .

442 2216 484 2267 3.
521 2202 660 2248 Pater
695 2198 922 2249 Alfonsus
972 2200 1032 2247 ad
1080 2213 1167 2245 vos
1220 2193 1541 2259 proficiscitur
1570 2191 1762 2245 estatio-

375 2282 486 2315 nem
522 2265 766 2314 habiturus
821 2267 869 2312 in
919 2280 1028 2312 arce
1077 2261 1348 2310 Molucensi
1389 2292 1401 2319 ,
1438 2257 1759 2307 concionatu-

375 2347 547 2394 rusque
584 2329 713 2391 illic,
749 2331 956 2388 eumad
994 2327 1245 2377 Lusitanos
1282 2339 1550 2386 eorumque
1596 2336 1760 2371 servos

375 2397 434 2450 ἅτ
469 2394 664 2449 ancillas
701 2427 715 2457 ,
749 2408 856 2449 tum
889 2395 948 2444 ad
983 2394 1240 2458 Indigenas
1277 2390 1582 2442 Christianos
1634 2386 1757 2434 libe-

1577 2466 1692 2504 ros:
