1803 3076
378 279 475 345 468
652 276 702 326 S.
735 273 1028 327 FRANCIS
1037 273 1106 322 CI
1140 272 1427 325 XAVERII

305 382 589 421 tentaturos
623 381 908 428 autument,
942 367 1276 418 infamandum
1313 368 1455 418 foedo
1504 384 1691 424 eventu

307 439 508 486 noxium
545 434 823 496 exemplum
859 447 963 492 est,
1003 438 1057 486 <31
1094 437 1236 484 tanta
1288 435 1557 501 ignominia
1608 441 1694 488 de-

309 501 650 557 formandum,
690 511 742 546 ut
779 513 898 562 quos
938 500 1033 548 Dei
1070 514 1314 562 respectus
1366 505 1530 563 parum
1587 520 1693 552 mo-

312 580 427 626 vet,
463 564 638 622 judicia
675 564 925 609 hominum
953 595 966 621 ,
995 568 1186 613 macula
1225 565 1457 626 nominis,
1495 568 1696 633 stigma-

313 647 406 695 que
447 630 579 678 veiut
614 631 824 674 inustum
862 624 1013 676 fronti
1066 630 1127 676 ad
1175 645 1409 679 summum
1462 632 1697 693 dedecus,

313 706 613 743 ansterreat.
653 694 971 754 Compertum
1010 693 1167 742 habeo
1205 699 1439 757 quosdam
1490 697 1695 746 istorum

312 764 376 810 eo
411 759 460 807 in
496 756 672 805 talibus
709 773 846 805 ruere
883 757 1287 823 fisentzus‚quod
1308 759 1503 809 nefariis
1542 763 1589 810 id
1609 779 1698 827 ge-

314 839 402 872 nus
440 820 580 870 factis
618 834 813 885 quantae
850 822 947 870 sint
983 838 1140 884 poena·
1175 825 1487 884 constitum,
1524 828 1702 889 partim

313 904 417 937 non
455 887 796 947 meminerint,
830 888 1054 936 demersis
1092 890 1140 935 in
1176 889 1390 937 sordidas
1428 906 1563 938 curas
1599 892 1703 939 ani-

313 953 429 1008 mis2
468 953 641 1016 partim
682 953 832 1000 etiam
871 952 1155 1001 Christianae
1193 953 1455 1015 disciplinae
1509 957 1699 1020 puden-

314 1021 426 1067 dum
464 1019 510 1065 in
547 1018 743 1066 modum
795 1025 958 1077 rudes,
1007 1017 1272 1082 ignorent.
1311 1023 1496 1068 Horum
1552 1019 1700 1080 objici

311 1085 665 1147 admoverique
700 1082 849 1131 semel
885 1083 1096 1131 sensibus
1149 1096 1349 1147 oportet
1400 1085 1708 1147 experimen-

314 1164 420 1200 tum
461 1148 811 1198 Ecciesiasticae
848 1148 1122 1197 severitatis
1160 1149 1546 1199 constitutumin
1577 1152 1710 1198 illus-

311 1215 375 1264 tri
411 1215 596 1275 capite,
620 1229 716 1276 quo
735 1214 976 1262 admoniti
1011 1227 1306 1263 cunctentur
1333 1214 1705 1278 aliquantulum,

314 1282 425 1328 dum
461 1280 817 1343 instigabuntur
853 1279 912 1325 ad
946 1281 1289 1327 attentandum
1335 1279 1583 1345 Religioni
1619 1297 1707 1329 no-

315 1345 448 1393 xium
486 1343 705 1402 facinus;
749 1345 803 1395 &
839 1343 975 1408 gnari
1011 1357 1197 1408 quanto
1233 1345 1281 1392 in
1335 1342 1437 1392 istis
1490 1345 1707 1410 periculo

316 1424 580 1474 peccetur,
619 1408 873 1458 licentiam
911 1407 1175 1459 formidine
1211 1421 1507 1459 coerceant.

388 1494 430 1542 5.
469 1479 568 1524 Has
606 1473 809 1522 Domini
846 1474 1070 1537 Episcopi
1102 1507 1113 1533 ‚
1172 1475 1250 1524 vel
1303 1474 1401 1530 ejus
1454 1476 1710 1525 Generalis

319 1541 505 1590 Vicarii
540 1539 706 1587 literas
745 1551 967 1587 exortem
1018 1556 1263 1588 sacrorum
1301 1541 1358 1592 &
1394 1540 1503 1588 diris
1551 1542 1707 1592 devo-

317 1618 422 1656 tum
462 1603 746 1652 Praefectum
787 1603 1121 1654 Malacensem
1159 1605 1496 1664 declarantes,
1534 1606 1711 1669 depor-

313 1684 395 1722 tet
434 1669 681 1718 Malacam
714 1671 933 1732 Joannes
974 1670 1139 1730 Beira,
1179 1669 1257 1719 vel
1294 1670 1585 1732 quicumque
1619 1672 1708 1719 ali-

317 1753 371 1784 us
411 1748 686 1783 nostrorum
722 1739 784 1781 eo
820 1749 870 1781 se
906 1733 1132 1783 conferet
1167 1734 1405 1782 soluturus
1443 1735 1550 1783 inde
1601 1752 1708 1785 ver-

317 1817 395 1863 sus
430 1799 673 1862 Jffponem
710 1815 722 1858 3
758 1798 920 1860 ibique
976 1798 1181 1847 Malacae
1226 1800 1274 1846 in
1327 1814 1496 1846 manus
1546 1803 1712 1850 tradat

313 1863 752 1927 Proepiscopo3qui
775 1878 834 1911 ne
852 1879 1035 1910 moram
1060 1864 1334 1927 exequendi
1352 1866 1479 1927 quod
1499 1881 1619 1927 opus
1635 1878 1710 1915 est

319 1929 509 1987 faciat,
548 1928 821 1978 exorandus
858 1928 949 1980 erit
988 1930 1232 1976 Dominus
1282 1930 1550 1992 Episcopus
1584 1963 1595 1978 .
1647 1943 1704 1980 ut

315 1995 400 2044 vel
436 1994 536 2057 ipse
572 2010 656 2057 per
692 2009 773 2053 se,
811 1992 890 2041 vel
926 1991 1048 2049 iussu
1087 1992 1186 2051 ejus
1223 2009 1280 2042 ac
1319 1994 1513 2042 nornine
1561 1995 1709 2045 Vica-

313 2061 411 2110 rius
448 2058 623 2121 ipsius,
660 2057 879 2119 Epistoia
914 2057 961 2105 in
997 2059 1046 2112 id
1081 2061 1274 2121 propria
1307 2091 1318 2118 ‚
1373 2059 1702 2123 Proepiscopo

311 2122 586 2174 Malacensi
620 2123 706 2171 sub
725 2124 1048 2172 anathematis
1071 2130 1214 2185 poena
1246 2125 1484 2184 imperet,
1509 2141 1571 2174 ne
1586 2143 1698 2189 pro-

318 2190 536 2256 mulgare
571 2187 764 2238 differat
798 2189 846 2236 in
880 2189 1095 2238 Ecclesia
1143 2190 1706 2240 excommunicationem

321 2266 632 2307 contractam
666 2258 694 2303 a
731 2253 948 2302 Domino
987 2254 1171 2302 Alvaro
1204 2291 1215 2302 .
1254 2257 1351 2303 Vos
1404 2258 1522 2304 vero
1560 2289 1571 2317 ,
1619 2272 1705 2320 per

324 2323 523 2378 Deum,
562 2331 736 2369 cavete
775 2334 832 2366 ne
869 2320 962 2367 hoc
998 2335 1107 2368 meo
1144 2321 1376 2367 mandato
1408 2319 1704 2386 negligendo

320 2384 653 2452 gravissimum
689 2383 887 2438 violatae
924 2384 1212 2436 obedientiae
1258 2384 1568 2436 consciscatis
1616 2385 1706 2433 cri-

1531 2466 1647 2501 men
