1803 3076
386 289 483 349 276
660 285 708 336 S.
742 285 823 335 FR
834 284 1101 334 ANCISC1
1135 283 1428 334 XAVERII

379 393 422 446 3„
463 377 718 428 Melchiori
756 378 1015 429 Gonzalez
1051 379 1329 436 mandabis,
1365 377 1551 441 scriptis
1592 381 1699 442 {Ba-

307 450 546 504 tainum,
585 446 665 492 ubi
703 457 801 504 est,
824 444 1076 503 literis‚ut
1112 446 1352 493 continuo
1388 447 1500 495 inde
1536 447 1702 494 Goam

313 524 517 570 veniat3
554 509 618 557 sic
656 509 782 557 enirn
819 525 906 570 pro
945 522 1195 572 potestate
1232 527 1308 558 me
1346 509 1510 568 iubere
1547 545 1559 557 .
1597 511 1702 558 Bal-

312 579 555 625 thasaresn
594 575 910 623 Nunneziurn
949 587 1084 621 tecto
1123 577 1334 637 excipies
1372 577 1428 626 Sc
1463 574 1523 622 ibi
1564 587 1704 623 tene-

311 643 382 690 bis
419 654 566 702 usque
602 640 661 684 ad
698 654 859 685 meum
892 638 1046 687 isthuc
1080 639 1380 688 adventum.
1404 641 1703 689 Adolescen-

313 720 417 755 tem
453 705 607 751 isthuc
644 701 1035 764 proficiscentem
1069 736 1080 762 ,
1118 703 1193 749 cui
1243 706 1454 753 Thomas
1503 706 1706 752 Gonza-

310 771 392 819 lez
430 782 607 814 nomen
645 781 749 826 est,
787 783 886 814 non
922 767 1150 816 admittes
1190 771 1406 817 Domum
1441 783 1705 834 antequam

313 852 408 900 ego
445 833 759 881 advenerim.
799 833 950 881 Dicas
984 833 1178 881 interim
1216 833 1320 883 illi:
1365 833 1403 881 si
1443 837 1555 882 Deo
1607 851 1704 882 ser-

316 903 417 950 vire
454 898 502 945 in
541 898 793 946 Societate
834 898 985 956 velit,
1027 896 1252 947 conferat
1290 913 1339 946 se
1400 898 1447 947 in
1502 913 1710 947 nosoco-

312 963 676 1026 mium‚ibique
715 963 914 1012 infirmis
952 963 1193 1012 ministret
1229 964 1391 1027 quoad
1412 967 1570 1014 Goam
1592 980 1706 1026 per·

314 1029 542 1087 veniam,
581 1028 710 1091 quod
746 1028 907 1087 brevi,
949 1031 1062 1077 Deo
1099 1025 1566 1088 juvante‚fururum
1602 1044 1706 1090 spe—

310 1113 395 1145 ro.
440 1093 528 1142 Adi
562 1097 588 1142 a
626 1109 702 1142 me
742 1094 1011 1144 Dominum
1049 1093 1371 1156 Episcopum,
1422 1092 1566 1157 eidue
1602 1109 1702 1140 rna-

312 1176 401 1210 nus
436 1159 544 1209 mea
582 1159 688 1208 vice
710 1159 960 1217 osculare,
983 1175 1039 1206 ac
1075 1159 1234 1206 dices:
1260 1157 1491 1216 majorem
1529 1159 1574 1205 in
1600 1175 1705 1205 mo-

315 1228 428 1274 dum
465 1240 641 1287 cupere
681 1240 757 1272 me
795 1225 895 1272 sisti
949 1223 1301 1287 quamprimum
1358 1222 1707 1274 Dominationi

307 1290 409 1347 eius
450 1289 807 1347 illustrissimae,
829 1289 1065 1351 sperando
1088 1304 1285 1336 suavem
1307 1287 1450 1335 animi
1491 1286 1702 1338 fructum

309 1371 366 1404 ac
402 1354 799 1403 consolationem
837 1371 894 1402 ex
935 1352 1032 1410 ejus
1088 1354 1358 1401 dulcissimo
1412 1368 1708 1416 congressu.

309 1422 435 1469 Tum
458 1435 530 1467 ine
553 1420 932 1484 significaturum
957 1418 1037 1481 ipsi
1063 1433 1295 1481 quantum
1319 1434 1393 1468 me
1412 1419 1700 1466 obstrictum

312 1485 523 1534 sentiam
560 1483 806 1533 favoribus
845 1485 900 1538 δε
937 1484 1180 1532 beneficiis
1219 1483 1316 1538 εἰηζ
1353 1482 1537 1542 tantis,
1573 1495 1628 1531 ut
1648 1482 1702 1530 iis

310 1566 400 1614 pro
437 1548 612 1597 merito
647 1549 970 1608 aestimandis,
1010 1550 1188 1597 nedum
1225 1548 1546 1614 rependendis
1576 1580 1586 1605 ,
1622 1563 1700 1596 me

309 1614 443 1663 ultro
479 1614 710 1676 profitear
744 1615 979 1676 imparem
1001 1649 1011 1659 .
1046 1617 1242 1662 Summo
1296 1626 1473 1665 teneor
1510 1612 1698 1660 deside-

311 1680 386 1730 rio
423 1681 606 1728 Fratres
643 1679 784 1727 isthic
820 1694 988 1727 omnes
1043 1694 1175 1726 meos
1223 1676 1500 1727 revisendi.
1537 1678 1700 1725 Patres

309 1745 642 1810 praesertim,e
679 1759 880 1808 quorum
917 1742 1168 1806 colloquio
1205 1742 1595 1792 consolationem
1616 1757 1702 1790 ex·-

310 1822 467 1875 pecto
505 1825 600 1856 non
638 1809 911 1858 modicam.
953 1808 1154 1858 Valete.

312 1939 540 2004 Cocin0‚
576 1937 728 2003 pridie
766 1940 938 1991 Nonas
973 1937 1210 1989 Februarii
1231 1940 1375 1988 Anno
1396 1937 1695 1992 CIDIDLII.

443 2069 598 2123 Totus
621 2066 794 2123 ‘vester
826 2068 877 2118 in
911 2068 1132 2119 Christo.

1294 2139 1559 2187 Franciscus
1573 2171 1586 2186 .

656 2266 1202 2318 EPISTOLA
1272 2267 1332 2316 V.

687 2398 736 2447 P.
758 2393 1014 2447 Melchiori
1034 2397 1300 2451 Nunnezio
1318 2431 1330 2447 0
1504 2463 1563 2512 M
1594 2459 1611 2509 l

1567 2476 1590 2511 e
1613 2490 1633 2502 .
