1803 3076
262 294 775 350 EPISTOLARUM.
797 292 901 340 Lib.
918 296 1009 341 ΙΙΙ.
1032 294 1117 358 Ep.
1137 296 1242 342 VII.
1306 295 1373 359 69

61 406 136 444 ter
171 393 443 441 docendum
476 406 486 437 :
520 389 629 437 hinc
668 386 953 437 facultatem
990 389 1196 455 agendi,
1219 384 1440 444 ferendi,

62 476 117 507 ac
155 462 250 523 quo
283 457 341 503 ad
377 455 564 502 illorum
601 453 808 502 salutem
862 456 1126 503 conveniet
1165 486 1177 515 ,
1213 454 1443 502 flectendi

61 521 388 584 movendique
423 531 707 581 peccatores
746 520 938 567 trahes.

123 606 200 653 49.
237 586 352 634 Non
392 597 507 632 veto
544 596 708 631 tamen
746 584 1007 632 lectionem
1047 596 1351 632 mortuorum
1383 580 1445 628 li-

58 653 250 701 brorum
272 686 284 698 .
321 654 475 697 Sacrae
519 658 798 711 scriptum,
823 651 987 697 Patres
1023 649 1250 698 Ecclesiae
1280 645 1444 708 ,Sacri

62 721 321 773 Canones,
360 714 467 761 libri
507 714 718 760 Ascetici
751 746 762 771 ,
801 714 977 776 quique
1014 713 1286 763 officiorum
1341 710 1447 772 jura

57 784 113 834 &
152 779 451 829 differentias
487 778 710 834 tradunt,
750 779 840 824 suis
880 781 992 828 sane
1027 779 1323 841 temporibus
1376 777 1447 824 di-

59 847 271 911 ligenter
332 842 767 891 consulantm-AEx
810 843 877 890 his
929 844 1053 891 enim
1093 844 1298 893 remedia
1339 854 1447 890 ten-

64 913 308 961 tationum
361 940 371 963 ,
423 920 705 971 argumenta
780 903 1143 969 persuasionum
1195 941 1208 968 ,
1264 907 1450 956 stimuli

63 975 369 1025 heroicorum
405 971 702 1029 affectuum,
741 973 967 1033 exempla
1005 974 1158 1022 laudis
1190 975 1344 1025 omnis
1384 987 1447 1020 ex

66 1043 356 1089 Sanctorum
406 1037 528 1082 actis
563 1036 870 1086 saluberrime
907 1039 1150 1087 ducuntur
1190 1055 1200 1086 :
1242 1040 1323 1086 sed
1361 1035 1446 1084 fri-

59 1105 174 1170 gida
211 1103 302 1150 ista
336 1114 475 1159 sunt,
500 1102 553 1151 &
591 1116 752 1161 parum
791 1099 992 1162 iuvant,
1031 1104 1114 1151 nisi
1169 1102 1293 1162 prius
1330 1116 1446 1164 ape·

67 1183 254 1217 riantur
293 1167 344 1212 iis
386 1162 621 1227 profunde
658 1166 972 1213 admittendis
1028 1169 1306 1217 auditorum
1344 1166 1447 1214 ani-

60 1234 159 1281 mi:
186 1235 354 1280 horum
403 1239 545 1291 porro
598 1234 963 1278 reserandorum
1001 1244 1136 1280 certa
1171 1234 1321 1280 clavis
1343 1243 1445 1291 est,

56 1298 147 1345 ista
185 1300 330 1360 quam
368 1295 464 1341 dixi
501 1295 867 1356 repraesentatio
906 1308 1055 1344 status
1078 1297 1255 1344 interni
1293 1295 1449 1347 cuius-

57 1378 183 1424 que,
222 1361 376 1423 perite
413 1375 440 1406 a
478 1359 840 1407 consuetudinis
879 1360 1098 1409 humanae
1138 1361 1259 1410 bene
1294 1376 1449 1425 gnaro

57 1427 427 1476 Concionatore
463 1422 593 1472 facta
616 1458 627 1484 ,
651 1425 706 1476 &
741 1425 790 1472 in
827 1427 960 1474 bono
995 1426 1177 1475 lumine
1213 1424 1447 1490 cujusque

57 1492 270 1540 sensibus
307 1488 529 1547 obiecta.

123 1572 196 1622 50.
232 1554 643 1623 Qandoquidem
682 1569 769 1614 pro
805 1554 889 1604 sua
942 1554 1275 1604 munificentia
1327 1569 1450 1603 con-

51 1621 209 1670 stituit
245 1624 387 1678 Rex,
425 1633 479 1668 ut
515 1618 617 1666 illic
653 1619 741 1668 tibi
780 1623 1052 1669 necessaria
1106 1622 1165 1669 ad
1205 1621 1386 1669 victum
1419 1619 1448 1669 ὲ

54 1703 140 1735 suo
177 1687 312 1734 Fisco
352 1686 709 1748 praeberentur,
751 1698 889 1733 utere
926 1685 1009 1734 illa
1045 1686 1217 1748 optimi
1267 1683 1449 1733 Princi-

55 1752 125 1814 pis
159 1751 354 1817 gratiz⁴13
393 1751 448 1801 δε
501 1752 529 1798 a
565 1749 678 1797 solis
714 1750 856 1812 ipsius
899 1751 1128 1800 Ministris
1164 1750 1334 1814 accipe
1372 1748 1444 1796 vi-

54 1829 116 1865 tae
151 1815 362 1863 subsidia
400 1814 574 1878 quibus
610 1814 793 1880 indiges
826 1833 838 1876 3
879 1815 938 1862 ab
974 1817 1076 1864 aliis
1112 1816 1242 1864 ultro
1295 1816 1449 1864 etiam

57 1879 226 1930 oblata
262 1878 480 1939 rejiciens
511 1912 522 1938 ,
561 1895 671 1927 nam
710 1881 769 1927 ad
790 1880 1109 1930 autoritatem
1142 1881 1449 1930 libertatem-

61 1961 158 2011 que
192 1945 426 1994 curatoris
463 1944 763 2004 animarum,
801 1945 997 2010 insignis
1052 1960 1126 1996 est
1176 1945 1443 2005 momenti,

58 2010 241 2058 nemini
276 2026 448 2059 eorum
484 2026 608 2073 quos
644 2010 847 2076 dirigere
883 2010 930 2057 in
967 2010 1132 2060 salutis
1153 2013 1258 2072 via,
1283 2013 1339 2064 δε
1364 2012 1445 2058 ubi

55 2075 390 2124 aberraverint
425 2074 670 2137 corripere
719 2077 1062 2140 retrahereque
1116 2077 1295 2135 debet,
1332 2090 1441 2124 esse

53 2140 322 2188 obnoxium
359 2139 504 2188 titulo
527 2140 822 2202 praebiti‘onis
838 2141 1180 2190 alimentorum
1201 2176 1212 2202 ,
1237 2143 1332 2191 hoc
1354 2153 1441 2201 est,

58 2203 211 2252 vitam
246 2207 301 2257 &
337 2205 552 2266 spiritum
589 2207 765 2255 debere
790 2223 801 2265 3
829 2210 1037 2270 vereque
1071 2207 1132 2256 de
1169 2209 1261 2256 hoc
1294 2220 1444 2270 gene·

64 2284 115 2316 re
153 2270 389 2317 donorum
425 2270 520 2318 dici
556 2270 704 2331 solet,
744 2270 822 2335 qui
861 2274 1021 2332 capit,
1059 2273 1281 2333 capitur:
1319 2269 1442 2318 fidu-

61 2334 186 2380 ciam
226 2333 457 2383 videlicet
492 2335 675 2384 amittit
711 2336 974 2401 quidquam
1011 2334 1111 2395 jure
1129 2335 1355 2384 censorio
1388 2351 1442 2383 a·

57 2398 202 2465 gendi
236 2414 347 2447 cum
382 2415 443 2449 eo
469 2399 631 2460 ‚cujus
668 2401 915 2465 patronali
947 2401 1237 2452 reverentia:
1270 2399 1442 2467 ,clien-

716 2467 756 2516 E
791 2480 815 2532 3
1310 2464 1376 2516 tis
