1803 3076
412 298 506 369 με
653 297 702 346 s.
736 293 1100 346 FRANcisct
1136 251 1427 342 XAvErm

345 391 564 454 postulet
599 406 682 452 per
716 389 901 438 litteras
936 392 962 436 ὲ.
1005 391 1046 436 Ρ.
1089 391 1153 437 N.
1190 389 1384 455 Ignatio
1421 399 1644 452 expertos
1669 401 1721 436 aa

345 459 504 520 liquot
543 458 700 503 Patres
737 455 783 500 in
818 455 1106 514 Japonicam
1145 454 1540 517 expeditionem,
1577 457 1631 506 &
1654 454 1723 501 vi-

349 521 452 571 rum
490 520 750 567 excellenti
789 520 968 564 virtute
1004 534 1059 565 ac
1098 521 1349 580 prudentia
1384 553 1394 578 ,
1433 519 1565 573 huius
1605 517 1723 567 Col-

347 586 463 650 legii
499 585 553 635 &
593 583 851 631 Societatis
891 582 937 627 in
978 582 1111 629 India
1168 587 1433 633 Rectorem
1485 583 1726 631 futurum.
1773 599 1776 602 ·

349 651 574 699 Societas
613 646 737 696 enim
777 645 844 691 his
881 643 1000 693 locis
1039 647 1303 695 mirandum
1342 649 1387 695 in
1425 650 1620 696 modum
1657 648 1726 695 di·

350 726 509 777 spersa
545 728 599 759 ac
637 711 862 772 dissipata
898 721 1002 757 est:
1040 711 1216 772 quippe
1253 728 1355 775 quae
1391 713 1435 759 in
1466 715 1721 771 Persidem,

350 779 399 826 in
439 775 750 835 Cambaiam‚
792 773 1069 822 Malavares
1090 809 1100 833 ‚
1124 779 1274 824 Oram
1314 777 1563 824 Piscariam
1586 811 1596 836 ‚
1622 782 1729 826 Ma-

349 843 540 901 lacam,
584 842 838 899 Molucas3
880 839 1121 886 Mauricas
1174 839 1502 902 Japoniasque
1555 844 1727 890 insulas

351 918 683 971 propagatur:
723 919 828 968 quae
866 904 973 951 loca
1010 904 1068 951 ab
1105 906 1219 953 urbe
1255 907 1364 953 Goa
1400 907 1573 954 absunt
1624 907 1730 954 lon-

351 974 566 1038 gissime.
609 971 942 1035 Qamobrem
980 971 1178 1017 Goanus
1216 969 1295 1016 ille
1333 973 1590 1019 societatis
1628 974 1726 1020 Re-

350 1050 488 1096 ctor,
523 1049 575 1085 ut
612 1040 803 1084 Parrum
840 1035 1152 1097 Fratrumque
1189 1036 1234 1083 in
1273 1046 1368 1082 tam
1407 1035 1601 1083 remotis
1636 1037 1726 1083 dis-

350 1100 624 1166 junctisque
692 1102 810 1148 locis
863 1100 1150 1147 versantium
1205 1102 1470 1147 commodis
1521 1100 1725 1160 serviat,

351 1166 494 1214 saluti
533 1163 823 1230 prospiciat,
861 1164 1183 1211 incommodis
1220 1166 1470 1216 medeatur
1501 1197 1511 1219 ,
1550 1181 1728 1230 magno

346 1231 534 1280 scilicet
572 1247 723 1280 rerum
763 1245 846 1278 usu
883 1229 938 1279 <Sc
978 1228 1172 1294 egregia
1206 1228 1388 1278 virtute
1423 1229 1612 1292 polleat
1646 1246 1729 1279 ne-

345 1312 479 1345 cesse
512 1308 587 1345 est
617 1332 625 1340 .

421 1379 492 1411 ιι.
532 1360 654 1410 Mihi
692 1357 879 1418 quidem
900 1353 1337 1409 commodissimum
1361 1354 1574 1408 videtur
1599 1360 1726 1408 hunc

348 1424 427 1489 qui
467 1442 623 1474 meam
662 1426 753 1475 tibi
792 1425 1049 1486 epistolam
1088 1425 1281 1483 reddet,
1320 1437 1423 1473 tuas
1477 1426 1532 1476 &
1582 1425 1729 1483 Regis

347 1492 534 1540 litteras
570 1507 710 1554 super
744 1492 836 1537 hoc
874 1491 974 1552 ipso
1012 1489 1215 1556 negotio
1252 1489 1309 1536 ad
1362 1492 1548 1537 Patrem
1589 1491 1732 1553 Igna-

348 1558 470 1605 tium
509 1553 717 1615 perferre
754 1569 858 1602 cum
898 1554 1011 1603 meis
1048 1571 1058 1602 :
1111 1554 1344 1618 siquidem
1392 1570 1485 1617 ego
1533 1569 1727 1616 quoque

346 1621 407 1669 ad
445 1636 554 1668 eum
593 1622 760 1668 eadem
799 1619 856 1667 de
892 1637 940 1668 re
976 1620 1164 1682 scripsi.
1204 1617 1448 1674 Ejusmodi
1501 1619 1719 1666 homines

345 1686 448 1734 sine
488 1699 664 1750 magno
700 1685 1010 1732 incommodo
1048 1701 1106 1732 ex
1145 1684 1407 1730 Societatis
1425 1682 1612 1730 sedibus
1629 1684 1728 1730 exi-

344 1750 408 1798 mi
448 1749 862 1811 posse‘arbitror:
901 1764 1054 1810 neque
1092 1748 1220 1795 enim
1272 1748 1484 1795 Patribus
1535 1748 1562 1794 ὲ
1613 1763 1729 1794 con-

344 1813 572 1861 cionandi
614 1829 808 1860 munere
846 1812 1213 1860 abhorrentibus
1264 1815 1556 1876 magnopere
1610 1811 1731 1858 indi-

341 1891 492 1942 gent.
521 1880 645 1925 Nam
683 1892 801 1940 quos
838 1878 914 1925 hic
951 1877 995 1924 in
1036 1891 1250 1925 nostrum
1275 1890 1521 1924 numerum
1557 1876 1732 1924 adscri-

345 1943 538 2002 bimu3‚
574 1944 632 1989 ad
670 1940 870 2006 negotia
908 1943 1095 1990 tantum
1135 1943 1189 1992 <Sc
1242 1939 1406 1988 officia
1460 1941 1726 1989 domestica

345 2007 447 2056 usui
485 2022 585 2055 esse
623 2018 856 2069 possunt:
883 2006 960 2053 vix
1000 2006 1125 2054 enim
1163 2006 1410 2069 quisquam
1448 2017 1520 2053 est
1557 2005 1733 2052 itaim-

344 2072 487 2120 butus
525 2071 726 2130 litteris,
762 2084 817 2118 ut
851 2071 911 2118 ad
948 2072 1270 2119 sacerdotium
1310 2083 1448 2132 aptus
1487 2069 1727 2117 videatur.

345 2141 460 2187 Hoc
498 2139 560 2184 eo
597 2136 707 2183 dico
730 2168 742 2194 ,
766 2147 818 2183 ut
854 2135 1317 2200 intelligas,isthinc
1349 2134 1609 2199 quotannis
1629 2135 1737 2182 sub·

347 2202 617 2250 m³ttendos
653 2216 754 2248 esse
793 2201 1083 2249 Sacerdotes
1107 2236 1119 2248 .

414 2283 488 2317 12.
527 2268 572 2314 O
611 2265 671 2312 mi
709 2263 1076 2314 Simonlfrater‘
1110 2260 1412 2324 charissime,
1453 2262 1625 2326 ecquid
1662 2261 1733 2311 vi-

343 2331 452 2389 des,
491 2343 722 2393 quantam
761 2331 955 2378 tandem
1006 2345 1104 2378 rem
1154 2329 1411 2376 moliamur
1448 2332 1466 2378 ?
1505 2330 1550 2377 Si
1588 2327 1726 2391 genti

340 2406 450 2451 tarn
487 2395 750 2460 ingeniosae
786 2411 842 2443 ac
878 2393 1024 2444 docili
1075 2393 1332 2460 Evangelii
1381 2390 1537 2443 lucem
1595 2395 1728 2502 I-geus

489 2487 491 2489 ,
1583 2471 1610 2502 2
1635 2485 1654 2494 ,
