1803 3076
403 272 462 324 18
647 270 695 317 S.
730 263 1095 316 FRANCISCI
1131 260 1414 312 XAVERII

336 365 448 414 dem
486 359 749 424 perinvitus
788 358 944 407 scribo
968 377 981 420 3
1008 358 1269 421 praesertim
1305 373 1415 405 cum
1453 354 1498 404 id
1534 373 1594 407 ne
1631 356 1727 406 fru-

337 434 437 479 stra
474 427 706 485 fecerim,
741 439 990 473 metuam.
1033 427 1162 475 Dum
1199 424 1326 472 enim
1365 419 1445 471 hic
1482 423 1541 470 de
1602 423 1732 471 futu-

337 497 397 544 ris
433 493 697 543 aestimatur
752 507 810 538 ex
848 487 1201 553 praeteritorum
1241 489 1575 551 experientia,
1609 492 1722 537 sane

337 561 538 608 verendi
577 571 724 604 causa
759 569 935 613 est,ne
971 555 1020 601 in
1057 567 1303 616 posterum
1341 569 1534 617 quoque
1571 552 1730 612 maior

337 626 452 673 Tuae
494 621 771 678 Maiestatis
809 619 952 667 favor
987 632 1125 667 extet
1173 621 1220 666 in
1271 618 1403 665 illum
1456 616 1727 681 professum

335 692 391 741 &
428 703 651 739 atrocem
690 686 942 734 Inimicum
982 685 1188 743 Christi,
1227 687 1370 747 quam
1408 683 1456 729 in
1510 684 1726 748 Religio-

334 771 411 804 sos
450 754 742 803 Sacerdotes
779 754 858 814 qui
895 765 995 796 rem
1032 747 1358 796 Christianam
1407 748 1606 796 Cetlani
1642 765 1724 797 cu-

333 832 476 868 rant:
517 835 619 884 quae
658 816 816 878 palam
854 814 1196 872 cernentibus,
1235 813 1484 861 evidentia
1520 813 1620 875 ipsa
1651 830 1723 862 re-

335 902 440 934 tum
480 899 627 933 voces
663 882 905 929 interdum
943 878 1077 927 elicit
1116 878 1459 941 libera5‚quas
1479 893 1598 940 pac:
1621 879 1725 938 tua,

335 950 583 1008 Domine,
621 944 700 995 hic
736 961 947 1007 ponam:
985 944 1196 1004 Imperio
1235 945 1302 991 T'e
1341 943 1587 992 Indiarum
1625 959 1723 991 non

335 1017 399 1063 ad
434 1013 831 1077 amplificandum
871 1009 1052 1058 Christi
1098 1011 1325 1074 Regnum
1380 1008 1449 1056 uti
1483 1026 1497 1070 3
1533 1009 1615 1057 sed
1658 1010 1721 1056 ad

333 1080 657 1129 corradendas
696 1092 814 1139 opes
851 1077 1157 1136 humanaque
1195 1075 1451 1122 dumtaxat
1486 1090 1544 1121 ac
1600 1086 1723 1124 tem-

334 1145 528 1210 poraria
548 1143 654 1192 Tibi
690 1158 748 1191 ac
768 1141 881 1188 Tuis
920 1139 1224 1188 conficienda
1261 1140 1555 1187 commoda.

405 1227 445 1278 3.
468 1213 701 1276 Ignoscat
719 1206 835 1254 mihi
858 1221 1018 1269 quaeso
1042 1204 1274 1262 Maiestas
1295 1206 1396 1251 Tua
1413 1205 1448 1251 si
1472 1217 1572 1252 tarn
1594 1203 1725 1253 clare

337 1291 396 1324 ac
417 1277 520 1325 sine
557 1272 839 1337 ambagibus
878 1287 949 1319 res
987 1282 1040 1318 ut
1057 1281 1170 1318 sunt
1195 1270 1445 1331 exprimo.
1467 1273 1579 1318 Hoc
1602 1269 1729 1318 enim

335 1357 414 1390 me
448 1341 517 1389 ita
552 1338 714 1387 facere
752 1336 889 1400 cogit
925 1351 1059 1385 verus
1099 1335 1155 1386 &c
1202 1350 1427 1396 syncerus
1480 1351 1619 1383 amor
1666 1350 1724 1382 ac

334 1406 547 1454 studium
585 1420 680 1467 quo
718 1402 813 1471 Tuis
847 1402 1059 1464 Tuaeque
1098 1398 1274 1448 Salutis
1309 1401 1732 1457 aeternae‚Domi-

337 1487 434 1530 ne,
471 1483 674 1519 teneor:
699 1483 808 1515 eum
846 1466 1010 1513 audire
1048 1463 1162 1512 mihi
1201 1464 1366 1512 videar
1407 1464 1504 1512 Dei
1539 1477 1735 1513 senten-

337 1538 459 1585 tiam
525 1549 747 1596 supremo
799 1529 978 1589 iudicio
1031 1528 1386 1588 decernentis,
1435 1541 1521 1577 aut
1573 1529 1734 1592 potius

338 1601 455 1665 quid
493 1597 773 1649 decreverit
808 1610 1034 1645 extremo
1072 1597 1185 1643 Tuae
1224 1594 1392 1643 mortis
1443 1607 1730 1655 momento,

338 1665 664 1724 declarantis;
700 1660 832 1718 cuius
871 1660 1177 1710 necessitatis
1217 1659 1312 1708 vim
1350 1674 1495 1708 nemo
1541 1660 1734 1709 elucta-

336 1733 377 1781 ri
414 1729 726 1796 quantumvis
764 1741 936 1789 potens
972 1744 985 1785 ;
1023 1741 1167 1773 nemo
1203 1737 1306 1773 arte
1345 1725 1577 1787 propria,
1614 1742 1732 1788 ope-

339 1814 399 1846 ve
436 1796 634 1845 alterius
669 1790 956 1850 cujuslibet,
982 1790 1118 1838 valet
1154 1789 1401 1855 effugere.
1423 1791 1566 1848 Nec,
1606 1806 1734 1854 quae-

339 1879 427 1921 so,
465 1862 665 1909 nimium
703 1857 921 1905 confidat
960 1854 1191 1915 Maiestas
1229 1858 1332 1903 Tua
1385 1855 1439 1903 iis
1478 1856 1732 1905 Mandatis

341 1944 446 1992 quae
485 1925 637 1974 multa
672 1924 727 1974 &
760 1923 925 1988 gravia
961 1921 1037 1983 pie
1073 1936 1130 1968 ac
1166 1921 1379 1982 speciose
1417 1921 1583 1968 inseris
1631 1923 1731 1970 Lit-

339 1993 455 2042 teris
493 1990 662 2056 Reg1is
700 1990 759 2036 ad
797 1991 1077 2046 Praetorem,
1114 1985 1407 2044 Praefectos,
1432 1987 1486 2036 &
1523 2000 1730 2035 caeteros

344 2059 494 2108 Indiae
537 2055 887 2121 Magistratus,
928 2050 1096 2110 jubens
1133 2065 1251 2101 ante
1288 2051 1453 2098 omnia
1490 2051 1741 2117 Religioni

339 2123 533 2181 caveri,
571 2123 627 2172 ὃ(
663 2118 818 2167 faveri
857 2117 1145 2167 Christianae
1170 2153 1182 2165 .
1218 2121 1323 2181 Ego
1362 2115 1523 2174 enim,
1552 2116 1732 2164 Domi-

338 2205 427 2249 ne,
466 2187 546 2250 qui
585 2201 654 2234 res
696 2183 768 2233 uti
805 2199 853 2231 se
889 2182 1070 2232 habent
1104 2198 1309 2245 praesens
1344 2180 1571 2238 intueor,
1606 2180 1732 2231 clare
1776 2234 1792 2246 s

338 2252 598 2318 intelligo,
624 2250 805 2299 nullam
841 2265 1028 2310 prorsus
1069 2260 1249 2295 restare
1269 2262 1401 2309 spem
1436 2243 1543 2294 fore
1579 2260 1632 2295 ut
1656 2258 1730 2295 ta-

339 2320 462 2368 libus
497 2331 725 2380 umquam
762 2313 1002 2362 mandatis
1038 2315 1150 2361 vere
1186 2328 1242 2359 ac
1280 2312 1405 2360 serio
1451 2309 1730 2360 deferatur:

343 2399 490 2450 quate
526 2399 620 2431 una
656 2380 772 2431 mihi
808 2394 907 2445 non
942 2379 990 2428 in
1025 2377 1281 2443 postremis
1317 2389 1535 2428 causaest
1575 2378 1730 2439 Japo-

1539 2457 1669 2492 mam
