1803 3076
186 297 695 350 EPISTOLARUM.
714 297 819 346 Lib.
839 297 919 346 ιν.
933 299 1019 362 Ep.
1039 298 1225 345 xxw.
1306 295 1404 364 389

84 399 267 445 Cosmo
306 392 558 457 Agnezio‚
597 391 676 455 qui
714 392 928 439 omnIum
982 392 1042 438 ad
1080 388 1295 456 Collegii
1348 404 1466 439 cen-

79 478 151 509 sus
187 457 509 522 spectantium
548 458 602 508 ὅτ
640 472 864 521 magnam
915 467 1215 520 potestatem
1267 468 1467 517 propte:

82 526 396 574 autoritatem
437 523 782 586 MagistratuS,
821 523 876 574 &
913 522 1132 589 peritiam
1169 519 1315 568 habet
1361 519 1467 583 plu·

84 592 275 644 rimam,
313 602 420 635 eum
458 585 806 635 familiaritatis
854 602 902 634 1n
954 586 1313 649 colloquiorum
1370 583 1469 634 fre-

82 653 281 718 quentia
317 654 372 703 &
407 665 693 700 caeterorum
731 651 989 717 diligentia
1025 651 1295 700 officiorum
1333 648 1478 711 adhis

79 720 215 768 bebis
252 718 648 781 modum‚quem
686 717 897 782 Collegii
933 716 1144 765 rationes
1181 714 1478 778 postulant-²

83 783 334 833 Tractabis
371 782 516 847 igitur
551 798 659 829 cum
699 783 751 828 iis
790 782 1014 844 quamdiu
1052 784 1106 833 &
1158 782 1301 844 quam
1353 779 1471 829 inti-

83 853 159 898 me
196 862 314 909 opus
352 845 497 894 fuerit
533 847 594 893 ad
629 844 895 894 efficaciter
923 847 1212 895 stabilienda
1245 861 1348 909 quae
1382 860 1472 894 nu-

81 927 191 963 tant
229 914 281 963 &
319 927 487 973 parum
524 912 644 959 certi
681 924 947 972 proventus
986 927 1069 960 usu
1098 911 1471 973 deprehen-dun-

81 994 159 1028 tur
196 976 460 1041 vectigalia
498 975 743 1040 Collegii:
770 992 880 1024 nam
915 992 1188 1025 annuorum
1225 975 1472 1024 redituum

88 1044 167 1107 qui
204 1041 319 1088 olim
360 1043 605 1103 Pagodum
646 1042 933 1089 Sacrificuiis
970 1043 1150 1090 addicti
1181 1074 1191 1100 ‚
1246 1042 1474 1104 Evange-

83 1109 186 1156 licis
221 1105 453 1169 operariis
488 1105 672 1154 alendis
708 1106 933 1154 attributi
970 1108 1118 1155 modo
1136 1118 1479 1169 sunt,magna

82 1187 186 1237 pars
223 1186 319 1217 non
354 1170 601 1228 solvitur,
640 1172 693 1217 iis
746 1171 823 1234 qui
875 1170 1062 1220 debent
1109 1171 1475 1219 contumacicet

83 1235 403 1302 negantibus:
445 1237 491 1283 in
528 1234 631 1281 aliis
669 1251 863 1299 quoque
901 1251 998 1284 non
1035 1236 1199 1298 paucis
1237 1237 1338 1292 jura
1386 1233 1476 1282 mi-

85 1303 213 1351 nime
250 1299 394 1349 dubia
429 1299 642 1365 Collegii
680 1316 764 1360 per
801 1302 894 1347 vim
933 1301 1150 1363 iniquam
1191 1301 1245 1352 &
1282 1314 1477 1348 recusa-

84 1369 272 1416 tionem
309 1364 621 1413 satisfacendi
659 1366 780 1412 fiunt
815 1366 979 1413 irrita.
1017 1368 1183 1431 Qare
1240 1366 1367 1412 insta
1417 1366 1476 1415 &t

87 1444 255 1494 satage
292 1431 418 1492 apud
454 1431 605 1487 istos,
638 1444 692 1478 ut
727 1433 846 1480 certi
896 1443 1068 1479 contra
1119 1432 1221 1479 haec
1276 1428 1480 1478 remedii

92 1497 338 1561 quidpiam
377 1494 690 1557 expediatur.

157 1579 200 1610 2.
239 1561 359 1609 Mihi
400 1561 655 1608 videbatur
690 1558 811 1607 utile
849 1560 979 1623 (vos
1015 1558 1282 1621 expendite
1319 1571 1483 1607 utrum

88 1626 159 1676 ita
193 1625 308 1690 sit)
346 1625 578 1672 intentari
630 1624 819 1687 publice
873 1624 1079 1675 formula
1130 1624 1279 1673 solita
1327 1626 1480 1671 minas

92 1689 463 1747 Anathematis‚
501 1690 770 1747 impetratis
808 1690 868 1737 ad
902 1692 994 1738 hoc
1031 1690 1183 1738 literis
1233 1692 1262 1738 a
1320 1687 1484 1754 Magi-

92 1768 247 1805 stratu
285 1753 647 1813 ecclesiastico,
672 1755 715 1800 in
740 1771 821 1801 eos
861 1771 1028 1804 omnes
1068 1754 1147 1818 qui
1185 1754 1485 1802 censushuic

94 1819 327 1886 Collegit>
363 1819 555 1868 debitos
590 1819 780 1867 solvere
819 1821 1128 1878 detrectant,
1153 1831 1236 1867 aut
1258 1834 1484 1883 quoquo-

95 1886 248 1934 modo
286 1886 415 1932 bona
452 1883 553 1941 eius
591 1883 844 1944 detinent,
880 1884 928 1932 in
983 1901 1082 1932 rem
1139 1885 1483 1943 deducendas,

95 1950 184 1999 nisi
222 1948 382 2002 spatio
420 1951 722 2012 praescripto,
764 1966 867 2013 quae
905 1950 1034 1998 maia
1070 1949 1163 1999 fide
1202 1949 1488 2010 possident,

101 2013 438 2072 restituerint,
478 2015 532 2066 &
567 2030 671 2061 suas
708 2016 1035 2064 conscientias
1072 2014 1488 2072 exoneraverint‚

100 2080 260 2143 praeda
294 2078 468 2135 iniuste
503 2080 701 2142 quaesita
738 2079 964 2144 legitimis
1006 2078 1233 2127 Dominis
1282 2079 1493 2127 redden-

104 2146 199 2193 da.
237 2147 355 2192 Haec
392 2156 556 2192 tamen
593 2145 647 2195 ὃ(
683 2142 783 2198 eius
818 2145 1007 2208 generis
1044 2144 1260 2208 quaedam
1296 2143 1344 2190 in
1380 2141 1489 2190 vul-

107 2224 193 2275 gus
229 2210 423 2268 odiosa,
447 2221 564 2271 puta
600 2224 708 2255 cum
744 2209 977 2270 prehendi
1015 2222 1216 2271 oportet
1252 2220 1402 2270 atque
1437 2207 1494 2255 in

113 2288 360 2321 carcerem
397 2273 544 2321 condi
597 2275 933 2331 redemptores
968 2274 1284 2339 vectigalium
1337 2270 1503 2337 aegii·-

109 2350 280 2403 gentes
318 2338 365 2385 in
402 2341 793 2399 repraesentanda
829 2337 1062 2400 pensione
1093 2371 1104 2398 ,
1144 2354 1229 2399 per
1262 2349 1494 2386 externos

109 2402 624 2452 administrenturzsic
660 2404 789 2454 enim
828 2404 946 2451 fient
980 2419 1091 2452 cum
1126 2403 1299 2453 minori
1324 2402 1505 2452 Socie·-

114 2469 231 2519 tatis
267 2466 482 2518 invidia.
764 2470 800 2517 B
836 2468 865 2517 b
900 2484 927 2536 3
1340 2470 1431 2518 Pe-
