1803 3076
197 273 706 332 EPISTOLARUM.
734 270 950 319 Lib.111.
979 272 1060 334 Ep.
1082 271 1268 321 XXW.
1308 280 1428 341 ‘225

123 372 375 438 praeceptis
408 382 555 434 atque
592 366 823 416 institutis
862 365 1003 416 valde
1050 367 1178 417 inter
1229 383 1277 418 se
1325 372 1498 419 discre-

123 452 273 501 pant.
313 434 575 497 Perspectis
612 449 774 480 earum
810 445 1049 481 sectarum
1086 436 1508 497 op1mombus,ad

121 518 199 551 eas
237 499 525 550 refellendas
561 510 850 562 argumenta
900 498 1184 561 conquirere
1239 504 1507 564 coepimus·

117 569 246 630 Ergo
299 565 522 629 quetidie
581 562 1042 629 interrogationibus
1090 565 1146 615 δε
1212 568 1507 630 argumentis

116 632 326 678 Bonzios
364 630 655 687 veneficos,
709 632 998 691 ceterosque
1050 629 1335 679 Christianae
1389 632 1507 696 legis

118 696 282 743 hostes
318 695 495 743 acriter
533 697 850 759 urgebamus,
889 694 951 741 sic
988 710 1206 757 prorsus,
1243 711 1295 744 ut
1332 695 1506 744 illide-

115 775 246 807 mum
285 762 512 809 adveisus
547 760 944 825 redarguentium
984 774 1130 809 voces
1166 760 1350 810 hiscere
1403 777 1504 810 non

121 826 391 874 auderent.

184 908 254 939 η.
291 889 552 938 Christiani
589 891 697 938 cum
738 888 948 937 Bonzios
986 889 1210 940 viderent
1245 890 1506 941 convictos

114 955 355 1013 reticere,
392 955 673 1020 gaudebant
710 954 937 1013 scilicet,
978 955 1032 1006 ὃ(
1085 955 1305 1019 quotidie
1351 961 1505 1023 magis

113 1020 530 1080 confirmabantur
565 1023 612 1065 in
652 1021 832 1067 Christi
870 1019 1019 1067 Fide.
1058 1021 1254 1070 Ethnici
1303 1034 1503 1083 autem,

114 1084 194 1146 qui
232 1083 688 1132 concertationibus
725 1085 930 1132 aderant
969 1117 979 1142 ,
1018 1085 1064 1132 in
1113 1087 1203 1133 suis
1255 1087 1505 1152 religioni-

113 1151 197 1197 bus
235 1150 376 1199 valde
413 1149 820 1207 nutabant,cum
858 1148 1017 1196 avitas
1056 1150 1330 1211 disciplinas
1369 1154 1501 1201 laba-

111 1230 160 1261 re
197 1226 485 1262 cernerent.
522 1213 789 1262 Enimvero
839 1213 886 1260 id
941 1214 1111 1262 Bonzii
1161 1217 1329 1279 iniquo
1380 1216 1508 1267 fere·

113 1278 233 1326 bant
268 1278 696 1341 anim03ct'1mque
734 1277 824 1340 ipsi
861 1279 1180 1327 concionibus
1203 1280 1504 1343 interessent,

113 1359 171 1391 ac
208 1357 464 1392 cernerent
521 1345 704 1392 multos
757 1342 860 1391 fieri
912 1345 1128 1407 quotidie
1175 1345 1505 1407 Christianos,

113 1423 196 1457 eos
231 1409 450 1472 graviter
485 1418 830 1466 accusabant,
887 1412 1018 1472 quod
1074 1409 1206 1457 avita
1259 1410 1498 1476 religione

111 1473 298 1521 deserta
335 1486 652 1535 sequerentur
687 1474 1103 1542 novam.Qibus
1138 1473 1210 1520 illi
1245 1479 1506 1538 responde-

112 1538 258 1596 bant,
296 1553 346 1586 se
383 1538 707 1588 Christianam
736 1538 903 1603 elegem
940 1538 1356 1603 amplecti,¹quod
1397 1556 1504 1589 eam

112 1601 381 1660 judicarent
418 1606 570 1666 magis
588 1616 769 1652 naturae
796 1616 1178 1653 consentaneam
1202 1620 1303 1653 esse
1328 1639 1339 1665 ,
1361 1611 1505 1670 quam

113 1683 287 1727 suam;
309 1669 536 1733 quodque
574 1685 665 1718 nos
701 1669 909 1730 ipsorum
944 1669 1412 1735 interrogationibus
1435 1687 1507 1721 sa-

114 1732 340 1782 tisfacere
376 1734 630 1794 viderent,
670 1748 752 1782 eos
791 1748 964 1781 nostris
1002 1750 1099 1782 non
1138 1748 1285 1783 item.

181 1814 251 1864 13.
288 1801 411 1846 Sunt
449 1799 650 1847 omnino
685 1800 902 1861 Japones
952 1800 1126 1849 natura
1171 1800 1346 1849 curiosi
1384 1834 1397 1862 ,
1435 1800 1507 1851 di-

113 1866 373 1926 scendique
411 1865 537 1914 avidi
576 1879 628 1913 ut
665 1865 745 1925 qui
782 1865 1219 1929 maxime.1taque
1254 1882 1362 1915 cum
1400 1868 1505 1915 aliis

114 1929 174 1975 de
206 1928 772 1994 suisinterrogationibus
795 1962 806 1986 ,
829 1931 1101 1994 nostrisque
1120 1946 1359 1992 responffls
1383 1947 1505 1980 nun-

117 2009 258 2055 quam
295 2010 443 2058 agere
480 1996 750 2044 desistunt.
790 1997 883 2043 Res
922 2010 1072 2045 novas
1101 2028 1114 2055 ,
1163 1996 1219 2043 de
1267 1997 1505 2061 religione

117 2071 375 2122 praesertim
400 2068 413 2118 ,‘
449 2061 538 2107 aud
560 2076 609 2108 re
648 2063 965 2109 vehementer
1019 2072 1264 2123 expetunt
1290 2095 1303 2108 .
1340 2067 1505 2125 Atque

114 2135 230 2170 ante
267 2136 487 2172 nostrum
529 2126 721 2190 quidem
776 2126 1041 2173 adventum
1094 2130 1381 2189 perpetuo,
1432 2124 1505 2174 uti

113 2188 411 2249 accepimus,
448 2190 731 2255 pugnabant
765 2192 892 2238 inter
931 2206 1009 2251 se,
1046 2193 1154 2239 cum
1192 2206 1326 2238 suam
1375 2191 1503 2253 quis-

114 2267 207 2314 que
243 2266 424 2300 sectam
464 2256 700 2317 optimam
737 2271 838 2307 esse
873 2259 1267 2304 contenderent:
1307 2257 1390 2302 sed
1412 2267 1500 2318 po·
1558 2264 1563 2267 s

115 2331 368 2380 steaquam
406 2334 490 2365 nos
527 2322 803 2379 audierunt,
840 2323 1106 2369 certamine
1142 2322 1207 2372 der
1234 2319 1322 2366 suis
1360 2320 1501 2368 disci-

113 2381 254 2443 plinis
290 2398 345 2430 ac
381 2382 694 2449 religionibus
729 2388 943 2447 omiss0,
984 2387 1044 2435 de
1079 2385 1353 2435 Christiana
1390 2384 1499 2453 lege

116 2447 236 2497 Tom.
272 2451 337 2496 ΙΙ.
798 2453 832 2500 Ρ
1329 2464 1432 2500 cet·
