1803 3076
227 294 729 349 EPISTOLARUM.
761 294 1268 360 LibIVEp.XXV1.
1311 318 1412 367 409

94 396 458 443 mendationern
497 406 643 454 atque
679 391 723 438 in
759 391 922 452 spiritu
960 389 1233 454 profectum
1271 396 1381 445 cura
1403 393 1472 443 vi-

91 461 302 533 giiiaque
337 457 566 520 peculiari
603 456 885 506 immineas:
926 474 1024 506 non
1062 458 1153 505 hoc
1205 459 1264 506 de
1317 459 1467 508 nihilo

91 526 349 586 praecipio:
385 539 578 570 causam
615 524 680 570 uti
674 539 781 585 que
819 523 995 571 habens
1033 523 1254 581 verendi,
1291 537 1345 572 ut
1394 538 1470 572 ta-

91 588 162 635 les
196 587 506 651 sint,quales
543 602 796 649 cuperem,
820 590 873 640 δι
909 589 966 636 ad
1008 587 1103 636 Dei
1137 589 1341 653 gloriam
1363 605 1472 652 per·

95 651 465 716 fectionemque
500 668 705 714 ipsorum
742 653 1024 713 expediret.

157 735 227 766 12.
266 718 359 765 Sed
397 718 450 770 &
488 718 531 764 in
569 730 774 765 cunctos
809 733 1003 781 quoque
1041 728 1242 766 caeteros
1293 718 1475 768 exacta.

88 782 148 830 ad
182 799 410 846 cuiusque
445 794 623 830 statum
661 784 878 831 mensura
914 782 1231 830 solicitudinis
1266 795 1470 848 excuoa,

89 847 305 896 intentus
340 863 526 909 semper
559 849 618 894 ad
654 863 736 895 eos
773 847 1150 910 praemuniendos
1186 880 1196 905 ‚
1248 849 1470 897 excitan-

88 913 203 972 dos,
244 915 632 975 promovendos.
668 914 910 984 Qando‚
947 925 1091 974 prout
1125 912 1351 962 mandavi
1401 928 1476 961 su-

89 977 247 1040 perius
279 1010 288 1035 ,
330 978 629 1025 sacerdotem
668 977 927 1025 societatis
965 994 1072 1024 cum
1110 978 1235 1024 laffco
1284 976 1476 1035 adiuto-

88 1058 139 1089 re
176 1043 341 1089 mittes
375 1041 421 1087 in
461 1042 849 1089 Promontorium
888 1044 961 1090 Cc
969 1043 1140 1090 morini
1174 1075 1185 1100 ,
1243 1043 1373 1091 dabis
1423 1042 1476 1088 iis

87 1105 204 1153 illuc
241 1104 558 1153 deferendum
597 1107 800 1154 aiterum
838 1127 863 1155 e
900 1108 1086 1154 duobus
1109 1121 1228 1170 quos
1251 1109 1387 1155 vobis
1408 1123 1483 1155 rc-

84 1169 237 1234 liqui,
273 1169 501 1217 calicibus
538 1172 713 1218 sacris
734 1174 893 1218 Causa
928 1169 1209 1227 siciubendi
1243 1172 1350 1220 mihi
1389 1184 1480 1231 est,

86 1235 218 1298 quod
254 1235 452 1282 memini
493 1247 610 1282 ante
648 1237 732 1282 hos
769 1252 920 1282 annos
958 1236 1147 1307 aliquot
1184 1268 1194 1292 ,
1232 1237 1476 1300 quendam

84 1300 448 1348 Cornorinensis
488 1312 666 1347 tractus
706 1300 829 1348 Chri.
825 1301 1030 1347 tianum
1084 1300 1261 1350 misisse
1312 1303 1476 1350 Goam

86 1365 346 1427 pecuniam
383 1381 442 1413 ex
477 1365 572 1427 qua
606 1379 740 1412 sacer
776 1365 902 1412 calix
941 1376 1339 1425 compararetur.
1358 1369 1477 1414 Eam

85 1444 340 1491 pecuniam
379 1427 590 1493 Collegii
647 1442 899 1477 curatores
950 1442 1067 1478 tunc
1120 1443 1378 1491 acceptam
1426 1432 1477 1478 in

87 1495 384 1543 domesticos
421 1510 529 1542 usus
567 1495 934 1553 expenderunt,
983 1493 1186 1542 calicem
1233 1497 1473 1543 hactenus

85 1574 184 1606 non
222 1560 491 1607 miserunt:
530 1559 753 1606 mittatur
788 1564 905 1624 ergo
939 1556 1062 1617 iam,
1101 1560 1157 1612 ὅτ
1208 1575 1388 1608 nomen
1439 1559 1478 1608 i-

85 1624 192 1671 stud
229 1637 567 1696 expungatur
604 1623 696 1672 Aii
692 1640 765 1670 im
803 1640 862 1672 ex
899 1624 1082 1671 relictis
1134 1624 1333 1674 calicem
1388 1625 1472 1672 da-

83 1704 136 1737 re
171 1688 352 1751 poteris
390 1704 520 1736 anno
556 1687 773 1749 sequenti
812 1689 935 1751 patri
975 1687 1259 1749 profecturo
1296 1692 1342 1738 in
1385 1691 1471 1753 Ja-

83 1753 426 1817 poniam.1bi
464 1754 589 1801 enirn
627 1753 792 1802 unicus
828 1756 1017 1802 tantum
1056 1766 1129 1803 est
1164 1755 1329 1805 calix.

157 1819 473 1883 13.Qando
510 1819 566 1865 ai
606 1833 683 1864 me
718 1818 893 1866 scribes
932 1817 1199 1878 M·1lacam,
1239 1835 1363 1868 cave
1415 1835 1469 1868 o-

83 1899 209 1946 perae
245 1899 410 1944 parcas
447 1895 530 1929 aut
567 1883 772 1942 chartae,
811 1899 934 1931 neve
989 1882 1184 1949 defungi
1240 1901 1471 1945 compen-

84 1948 166 1996 dio
204 1944 432 1995 festines:
471 1945 572 1995 fuse
609 1963 664 1994 ac
699 1947 981 2021 singillatim
1029 1962 1205 1997 cuncta
1259 1966 1473 2020 exeque-

85 2028 169 2070 re,
207 2027 431 2084 magnam
468 2013 593 2058 enim
631 2013 879 2061 constituo
894 2029 1048 2085 ‘spem
1087 2014 1339 2075 peculiaris
1374 2028 1470 2060 mer

84 2076 241 2142 gaudii
281 2093 341 2124 ex
379 2077 575 2123 istarum
613 2076 904 2139 percipiendi
895 2078 1153 2125 ilectione
1188 2078 1469 2139 literarum.-

89 2157 193 2203 quae
230 2140 415 2188 scilicet
451 2140 735 2187 indicabunt
771 2158 872 2200 quae
910 2159 1034 2190 mix
1025 2143 1114 2192 me
1139 2143 1253 2191 volo
1275 2145 1333 2192 de
1353 2159 1470 2190 cun-

83 2209 176 2254 ctis
211 2203 328 2252 meis
366 2205 631 2253 Fratribus
666 2206 842 2268 quique
878 2205 923 2254 in
961 2207 1052 2255 isto
1087 2207 1471 2278 Collegio,qui·

83 2285 176 2333 que
212 2269 257 2315 in
293 2269 572 2318 circumsitis
607 2270 902 2319 stationibus
942 2275 1054 2319 Deo
1092 2288 1148 2318 mi
1160 2272 1239 2319 [ita
1251 2285 1334 2321 nt:
1360 2287 1467 2320 ute-

80 2349 131 2381 re
168 2346 330 2382 autem
366 2335 644 2382 amanuenci
685 2334 763 2396 qui
801 2336 922 2385 bene
958 2337 1117 2384 literas
1165 2333 1370 2385 fornet
1406 2337 1463 2389 &

82 2395 216 2457 cujus
250 2399 486 2462 scriptura.
520 2397 666 2450 facile
698 2400 928 2466 legatur.-
980 2401 1204 2450 inscribes
1259 2401 1466 2450 fascicu-

1303 2466 1407 2516 lum
