1803 3076
217 256 706 314 EPISTOLARUM
723 288 735 302 .
755 252 858 302 Lib.
877 256 970 303 111.
994 254 1080 318 Ep.
1103 255 1290 316 XVm.
1342 260 1429 307 151

118 358 245 407 tibus
282 357 447 408 oleum
484 355 538 405 &
575 368 774 416 operam
812 352 1054 414 perdere?
1092 346 1382 406 Huiusmodi
1418 368 1503 401 co.

117 423 357 489 gitatione
395 434 593 477 eorum,
630 417 712 482 qui
745 432 794 465 se
828 418 890 464 ad
930 417 1026 465 Dei
1065 417 1347 479 obsequium
1386 431 1505 464 con..

119 489 364 544 tulerunt,
403 485 617 546 plerique
655 480 1045 531 tentantur:cui
1081 481 1278 545 quidem
1315 494 1369 526 ut
1405 478 1501 528 for-

115 552 232 600 titer
266 551 646 612 constanterque
681 546 938 606 resistam,
981 561 1067 596 vos
1105 546 1423 597 vehementer
1453 560 1503 594 e-

113 616 231 665 tiam
267 627 414 677 atque
452 613 602 662 etiam
640 628 762 676 rogo
785 647 796 657 .

182 681 257 730 28.
297 681 458 742 Usque
494 683 557 726 eo
594 679 720 725 enim
758 677 858 724 haec
895 674 1041 738 pestis
1095 673 1269 738 pietati
1320 672 1508 737 perfec-

122 745 346 806 tionique
384 743 572 791 virtutis
610 742 878 804 perniciosa
931 753 1038 800 est,
1092 753 1147 789 ut
1201 755 1297 787 non
1352 741 1503 788 modo

122 825 209 857 nos
243 810 303 856 ab
340 809 565 855 instituto
602 823 737 856 cursu
762 806 1006 863 retardet,
1033 808 1197 855 verum
1218 805 1367 852 etiam
1387 820 1499 852 cum

121 890 296 938 magna
330 873 474 919 animi
523 871 745 919 molestia
770 885 918 934 atque
937 886 1118 935 angore
1138 871 1503 923 deducat.l'ro·

120 940 234 991 inde
276 937 475 1001 quisque
513 939 1069 999 vestrum,u'oicumque
1089 948 1193 994 est,
1220 950 1269 983 se
1286 934 1504 996 primum„

118 1004 304 1052 deinde
340 1001 461 1050 alios
498 1005 662 1058 juvare
700 1002 934 1059 studeat,
971 1002 1263 1064 inducatque
1289 999 1347 1047 'in
1408 1001 1507 1047 ani-

118 1083 282 1124 mum,
321 1082 552 1128 nusquam
590 1081 637 1113 se
676 1067 870 1125 melius,
910 1069 1052 1127 quam
1089 1065 1168 1113 ubi
1203 1067 1231 1114 a
1281 1063 1510 1124 l'raeposi-

116 1145 170 1180 to
206 1132 501 1179 constitutus
539 1128 847 1191 sit‚operarn
885 1133 997 1177 Deo
1037 1144 1218 1178 navare
1253 1144 1417 1191 posse.
1445 1130 1510 1177 Et

111 1196 252 1244 simul
289 1194 560 1252 confidite,
603 1197 792 1254 Deum,
833 1194 913 1247 ubi
949 1208 1140 1256 tempus
1176 1192 1353 1251 fuerit,
1385 1195 1509 1243 hanc

115 1261 202 1322 iis,
239 1259 317 1324 qui
358 1271 590 1318 praesunt,
629 1272 842 1308 mentem
879 1260 1138 1316 daturum,
1197 1271 1251 1306 ut
1300 1263 1361 1305 eo
1417 1274 1504 1307 vos

114 1326 413 1389 potissimum
450 1325 642 1384 mittat,
680 1325 759 1372 ubi
805 1335 967 1374 vester
1013 1322 1153 1373 labor
1189 1319 1504 1373 fructuosissi-

113 1406 217 1441 mus
254 1391 314 1438 sit
350 1388 563 1437 futurus.
599 1391 675 1437 Ita
721 1390 820 1437 laeti
869 1402 1016 1453 atque
1069 1386 1250 1435 alacres
1305 1402 1508 1452 magnos

114 1456 165 1502 in
206 1455 382 1503 virtute
418 1470 690 1519 progressus
728 1453 918 1503 facietis
955 1487 967 1514 ,
1017 1453 1073 1505 &
1124 1466 1316 1514 tempus
1371 1453 1507 1502 recte

119 1519 428 1571 collocabitis
449 1537 462 1579 ;
482 1518 614 1578 cujus
636 1520 842 1583 pretium
861 1517 951 1568 etsi
971 1518 1131 1571 multis
1150 1517 1402 1583 ignotum,
1431 1529 1510 1565 ta-

116 1601 229 1633 men
273 1584 535 1636 maximum
575 1597 677 1633 est.
718 1583 964 1648 Siquidem
1000 1597 1100 1632 tam
1136 1586 1361 1631 accurate
1413 1582 1510 1631 otii

117 1649 245 1699 ratio
281 1663 355 1699 est
393 1653 506 1698 Deo
544 1651 825 1699 reddenda.
866 1651 996 1697 Nam
1032 1647 1162 1695 anxii
1198 1647 1414 1696 homines
1451 1648 1509 1703 <Sc

117 1715 354 1778 ancipites
392 1730 547 1778 neque
582 1714 630 1762 in
683 1714 736 1762 iis
780 1715 930 1773 locis,
986 1714 1063 1762 ubi
1117 1727 1218 1767 esse
1268 1712 1505 1772 cupiunt,

122 1782 377 1844 quicquam
417 1779 701 1840 proficiunt,
721 1781 849 1845 quod
869 1778 1028 1827 absint
1049 1797 1062 1839 3
1087 1792 1244 1841 neque
1276 1777 1357 1826 ubi
1380 1789 1506 1837 sunt,

131 1845 219 1894 sibi
254 1859 338 1900 aut
372 1845 476 1893 aliis
515 1857 746 1908 prosunt,
784 1845 913 1908 quod
949 1844 1048 1891 alio
1070 1847 1325 1908 cogitent.

187 1928 259 1975 29.
275 1911 568 1974 Quicunque
585 1911 632 1957 in
651 1911 744 1958 isto
762 1912 805 1958 S.
826 1910 955 1958 Fidei
989 1907 1217 1971 Collegio
1233 1906 1505 1968 versamini,

122 1976 170 2023 in
194 1990 359 2023 vestrae
396 1975 739 2031 imbecillitatis
774 1974 1061 2041 cognitione
1094 1972 1172 2020 diu
1207 1971 1508 2035 multiimque

118 2057 204 2089 vos
241 2041 508 2095 exerceatis
546 2055 1028 2106 cense02vestraque
1046 2038 1168 2092 vitia
1200 2037 1504 2095 hominibus,

119 2108 199 2166 qui
219 2121 303 2153 vos
323 2105 528 2153 consilio
543 2107 597 2157 δι
614 2105 797 2153 auxilio
818 2103 980 2160 iuvare
1002 2115 1198 2168 queant,
1217 2105 1239 2166 (
1259 2099 1389 2156 cuius
1405 2116 1509 2150 mo-

118 2170 164 2220 di
191 2170 331 2217 vestri
356 2169 651 2220 Confessarii
669 2186 796 2228 sunt,
818 2170 995 2234 aliique
1018 2166 1272 2217 domestici
1293 2168 1405 2214 satis
1424 2181 1508 2216 ex-

117 2233 284 2298 perti)
310 2238 497 2296 penitus
519 2235 742 2296 aperiatis
759 2271 769 2282 .
793 2235 1034 2282 Nimirum
1057 2246 1109 2282 ut
1130 2233 1304 2281 isthlnc
1323 2229 1504 2289 emissi,

119 2302 175 2350 &
199 2315 282 2345 vos
303 2300 471 2360 ·psi‚&
496 2301 615 2348 alios
633 2317 718 2361 pro
741 2316 823 2348 usu
848 2301 902 2351 ἃ
931 2298 1131 2347 scientia
1152 2330 1164 2356 ,
1184 2312 1321 2359 quam
1344 2300 1370 2343 a
1393 2293 1507 2344 vitae

117 2366 491 2479 {acceptoribus
512 2365 717 2428 habetis,
739 2380 905 2413 curare
940 2363 1131 2431 possitis
1151 2397 1163 2410 0
1184 2361 1259 2416 Sic
1281 2375 1406 2476 cinga
1425 2359 1508 2409 ha-

167 2446 248 2479 om.
282 2434 349 2478 H.
779 2431 815 2478 L
1393 2439 1442 2474 e-
