1803 3076
744 180 750 201 i

413 303 506 359 340
671 284 719 340 S.
751 291 1118 343 FRANCISCI
1152 294 1445 344 XAVERII

344 388 514 438 Literae
550 393 711 438 Cocino
746 395 918 449 missae,
956 396 1272 439 constitutam
1310 394 1449 438 Sinas
1484 389 1727 454 profectio,

402 469 446 503 et
472 468 619 519 grata
657 458 971 515 munificentiae
1015 462 1161 520 Regiae
1201 460 1585 504 commemoratio.
1622 459 1734 503 Em·-

403 523 467 568 xc?
498 536 657 585 rogat,
680 535 729 567 ut
766 527 811 565 in
847 523 1074 567 Orientem
1105 541 1125 568 e
1163 526 1384 569 Sometate
1421 527 1578 568 mittat
1615 538 1730 568 com-

334 630 336 633 .
401 588 583 648 plures,
619 603 708 648 qua
741 586 796 632 de
831 603 878 633 re
922 588 1106 633 litteras
1139 589 1201 633 ad
1239 590 1289 632 Ρ.
1332 591 1566 652 ignatium
1617 587 1730 633 dare

405 670 460 698 ne
488 663 755 713 gravetur.

343 799 388 832 ι.
427 781 634 893 HOC
668 777 772 838 ipso
807 795 936 827 anno
973 779 1226 842 eJaponia
1248 794 1529 839 revertens,
1554 780 1732 829 Cocini

587 843 772 892 litteras
808 846 867 892 ad
902 858 1035 893 tuam
1074 843 1389 903 Maiestatem
1428 847 1627 893 navibus
1649 849 1737 894 Lu-

344 909 574 958 sitaniam
610 907 888 971 petentibus
926 911 1058 968 dedi,
1081 912 1247 974 quibus
1266 911 1616 969 ostendebam
1639 928 1736 974 quo

335 974 456 1023 loco
494 991 564 1023 res
596 975 882 1025 Christiana
919 988 1076 1035 esset,
1130 979 1270 1039 quam
1324 977 1500 1024 idonea
1552 978 1606 1026 &c
1660 992 1741 1024 ac-

335 1041 654 1088 commodata
702 1041 762 1086 ad
815 1040 994 1089 Christi
1043 1041 1332 1104 religionem
1382 1040 1736 1104 suscipiendam

338 1121 464 1169 gens
497 1105 740 1168 Japonica
779 1105 1024 1154 videretur
1065 1142 1075 1153 .
1114 1107 1200 1155 His
1255 1106 1491 1155 addebam
1529 1139 1541 1166 ,
1582 1107 1734 1169 Bungi

336 1173 533 1235 Regem
572 1184 759 1219 tuarum
795 1170 1038 1235 regiarum
1087 1172 1323 1219 virtutum
1378 1171 1732 1243 perstudiosum

292 1279 294 1281 ,
336 1251 475 1294 esse,
511 1236 571 1285 ab
608 1240 765 1299 eoque
803 1221 1027 1283 amicitiae
1061 1237 1276 1283 obsidem
1310 1237 1555 1307 egregiam
1591 1239 1650 1282 ad
1685 1250 1735 1283 te

333 1300 467 1349 mitti
504 1300 742 1349 loricam.
774 1303 813 1348 E
851 1302 1104 1348 Societate
1141 1302 1258 1348 duos
1295 1301 1575 1362 propediem
1622 1317 1733 1362 pro-

334 1364 551 1414 fecturos
588 1366 941 1437 Amangucium
978 1366 1199 1426 Japoniae
1249 1367 1414 1413 urbem
1454 1398 1464 1424 ‚
1503 1365 1579 1412 ubi
1638 1382 1735 1423 jam

335 1430 560 1480 Ecclesia
597 1432 653 1482 ὅτ
688 1430 984 1478 domicilium
1024 1430 1286 1478 societatis
1307 1444 1378 1479 est
1394 1433 1736 1478 constitutum:

336 1497 559 1543 totidem
595 1497 820 1556 spectata
857 1494 951 1543 fide
989 1511 1044 1543 ac
1081 1496 1326 1557 probitate
1363 1495 1455 1553 iam
1478 1496 1654 1543 dudum
1679 1497 1728 1543 in

337 1561 724 1622 Neophytorurn
762 1559 1119 1609 institutionem
1156 1561 1273 1607 inibi
1311 1561 1620 1609 incumbere.
1645 1562 1730 1608 Fa-

333 1625 409 1673 xit
448 1628 580 1673 Deus
602 1659 614 1685 ,
637 1639 689 1674 ut
706 1640 799 1674 tuae
837 1625 1236 1687 praestantissimae
1260 1625 1602 1673 munificentiae
1625 1641 1734 1688 ope,

334 1690 404 1737 ibi
441 1706 638 1754 quoque
677 1691 953 1739 Christiana
989 1706 1061 1738 res
1098 1690 1423 1751 amplificetur
1452 1692 1594 1755 quam
1630 1706 1729 1738 ma—

333 1754 496 1804 xime.
536 1755 659 1804 Illud
695 1771 890 1818 quoque
925 1754 1290 1815 adscrffiebam,
1329 1755 1444 1802 mihi
1493 1755 1733 1803 delibera-

333 1832 442 1867 tum
480 1836 580 1869 esse
617 1823 918 1871 contendere
955 1820 1003 1866 in
1053 1821 1188 1866 Sinas
1220 1852 1231 1878 ,
1282 1820 1414 1882 quod
1464 1836 1729 1892 permagna

331 1886 625 1933 ostendatur
658 1900 766 1946 spes
801 1886 1123 1960 propagandae
1160 1884 1249 1931 illis
1285 1885 1407 1932 locis
1443 1884 1729 1937 Christianae

330 1948 613 2014 religionis.

401 2033 446 2063 z.
480 2016 591 2064 (3Οὲ
627 2026 740 2076 post
775 2015 994 2086 quintum
1049 2015 1176 2063 diem
1231 2014 1478 2064 Malacam
1532 2030 1726 2073 versus,

329 2095 430 2143 qua
467 2080 558 2128 iter
593 2092 666 2128 est
701 2080 746 2126 in
784 2081 951 2139 Sinas,
978 2096 1072 2128 una
1111 2097 1220 2128 cum
1258 2079 1406 2129 fratre
1444 2079 1723 2139 Societatis,
1777 2083 1779 2096 ³

330 2147 390 2196 &
421 2145 616 2206 Jacobo
655 2143 843 2193 Peteria
896 2146 955 2192 ad
1007 2138 1197 2210 Regem
1249 2146 1470 2194 Sinarum
1537 2147 1726 2224 Legato

332 2211 648 2270 proficiscar.
674 2209 833 2257 Multa
869 2211 981 2259 sane
1019 2211 1232 2282 pretiosa
1270 2213 1393 2282 Regi
1431 2226 1628 2258 munera
1648 2208 1721 2255 af-

330 2273 559 2335 ferimus,
598 2291 700 2338 quae
736 2275 951 2337 Jacobus
987 2277 1170 2324 coemit
1199 2289 1375 2338 partim
1414 2274 1546 2339 regia
1580 2289 1726 2337 pecu-

327 2339 439 2399 nia,
477 2340 653 2401 partim
688 2342 800 2389 sua.
836 2339 1076 2390 Eximium
1112 2341 1230 2389 item
1268 2341 1444 2389 donum
1481 2338 1723 2387 afferimus

330 2404 601 2466 ejusmodi,
639 2405 770 2471 quod
804 2406 930 2455 haud
967 2405 1101 2471 scio³
1138 2422 1199 2455 an
1236 2421 1380 2456 nemo
1433 2408 1544 2456 Rex
1597 2402 1723 2467 Regi

1555 2483 1659 2516 urn-
