1803 3076
226 269 974 328 EPtSTOLARUM.Lib.1V.
1003 273 1256 337 Ep.XV1.
1307 286 1403 341 329

110 368 268 435 afferri
306 369 540 428 voluerit,
576 381 628 417 tu
665 384 864 449 quoque
891 369 952 417 ad
1004 371 1139 418 Sinas
1174 403 1184 430 ,
1222 370 1473 431 explendae

109 436 373 483 animorum
410 433 508 482 sitis
555 434 717 498 gratia
752 468 761 494 ‚
802 447 866 480 ut
876 450 966 498 que
1021 435 1183 482 venias
1217 468 1228 492 ,
1265 448 1476 481 cemeo.

104 500 211 563 Ego
247 501 282 546 si
320 499 430 546 illuc
473 501 579 546 Deo
616 499 738 547 duce
790 513 1111 560 penetravero
1148 532 1159 558 ‚
1203 499 1260 547 de
1313 511 1471 571 gentis

106 565 313 611 moribus
350 580 407 611 ac
443 579 523 621 spe
560 564 742 612 serendi
782 565 1032 628 Evangelii
1067 564 1125 612 ad
1173 576 1221 611 te
1276 579 1474 624 perscri-

101 628 244 676 bam.
268 631 474 676 Tantum
513 644 587 676 me
613 641 751 676 tenet
780 626 1073 681 desiderium
1086 626 1185 677 tui·
1175 642 1471 691 ‚amequam

103 694 312 751 moriar,
348 693 617 750 revisendi,
656 706 709 741 ut
743 707 930 754 semper
981 710 1168 741 mecum
1224 693 1469 756 cogitem,

99 758 503 820 quemadmodum
542 757 674 815 hujus
711 759 869 819 optati
907 773 1104 819 compos
1140 757 1238 806 fieri
1275 771 1471 820 queam:

99 824 156 874 ὅτ
196 821 303 870 fiam
341 822 583 880 fortassis,
623 821 654 868 si
691 823 849 870 aditus
887 825 1071 882 patebit
1106 821 1152 869 iu
1191 825 1355 870 Sinas.
1391 823 1471 870 In-

101 900 235 935 terea
273 902 323 936 te
360 890 675 936 vehementer·
709 888 852 936 etiam
892 899 1038 950 atque
1075 887 1220 936 etiam
1251 894 1476 950 rog0,ut

65 953 300 1011 ,l'atres,
337 952 499 1015 quales
535 952 784 1013 descripsi,
822 966 952 1013 prox.
963 970 1042 1001 mo
1096 968 1224 999 anno
1281 953 1339 997 ad
1386 965 1473 1021 nos

104 1018 299 1064 mittas:
341 1034 414 1063 vix
453 1015 578 1063 enim
616 1019 813 1074 credas,
852 1033 990 1079 quam
1043 1018 1133 1064 sint
1185 1014 1470 1074 necessarii,

105 1082 187 1151 sed
225 1080 389 1128 credas
426 1094 629 1141 experto
668 1080 840 1128 velim.
879 1082 1000 1129 Patri
1035 1084 1104 1130 Ga
1090 1083 1236 1142 spari
1275 1080 1469 1127 manda-

99 1144 171 1203 vi,
211 1159 265 1193 ut
299 1144 359 1192 de
395 1145 685 1208 rebus,quae
720 1146 796 1192 hic
831 1158 1086 1208 geruntur⁵
1107 1146 1476 1207 animorumque

95 1178 460 1268 etriolumento,
505 1209 564 1256 ad
605 1225 686 1255 vos
722 1209 897 1257 scribat
933 1210 1011 1256 dili
1004 1227 1076 1274 ige
1055 1223 1221 1258 nter.

162 1291 239 1340 ¹3
278 1276 340 1321 Et
378 1273 605 1337 quoniam
645 1274 840 1321 Malaca
875 1271 1081 1336 pluribus
1119 1275 1178 1321 ad
1217 1287 1266 1321 te
1299 1288 1345 1320 s:
1351 1268 1474 1320 ribe-

97 1355 148 1388 re
184 1338 385 1403 cogito,
424 1339 514 1386 hoc
550 1354 695 1386 unum
731 1336 988 1394 adiiciam.
1025 1342 1175 1386 Tuam
1212 1340 1240 1387 ἓι
1277 1353 1351 1386 me
1372 1334 1476 1398 epi-

95 1403 273 1451 stolam
326 1403 447 1450 bene
501 1400 695 1475 longam
747 1404 992 1465 expectari
1044 1404 1101 1452 de
1139 1416 1286 1452 tuam
1309 1403 1476 1449 urbem

97 1470 311 1517 Romam
349 1466 681 1529 profectione,
702 1467 758 1516 de
779 1469 914 1516 rebus
946 1469 992 1515 in
1027 1485 1155 1517 sanc
1168 1485 1197 1516 o
1236 1467 1320 1514 illo
1343 1469 1480 1515 Con-

97 1546 247 1580 ventu
285 1532 405 1579 actis
441 1545 589 1594 atque
624 1500 863 1581 de'cretis.
880 1533 1015 1581 Nihil
1053 1534 1177 1582 enim
1213 1543 1319 1589 est,
1343 1530 1477 1595 quod

97 1595 144 1644 in
183 1598 271 1645 hac
308 1597 406 1644 vita
443 1598 564 1644 scire
616 1600 764 1661 magis
820 1611 1090 1659 expetam
1128 1598 1325 1661 quando
1376 1612 1472 1660 ego

94 1663 116 1725 (
153 1679 256 1726 quae
293 1677 504 1709 meorum
543 1674 855 1721 peccatorum
893 1679 1037 1723 poena
1073 1675 1146 1711 est
1181 1665 1204 1727 )
1241 1662 1474 1709 interesse

95 1741 192 1774 non
227 1727 397 1788 potui.
431 1728 580 1798 Qod
617 1726 650 1774 si
689 1724 776 1774 tibi
819 1728 840 1789 (
877 1729 1007 1790 quod
1045 1728 1186 1775 valde
1240 1739 1412 1775 vereor
1436 1728 1474 1789 )

95 1807 180 1853 per
215 1791 565 1852 occupationes
602 1795 763 1839 emnia
801 1792 1096 1852 perscribere
1132 1789 1472 1848 nonlieuerit;

93 1872 253 1918 quaeso
290 1868 367 1913 te,
406 1869 459 1904 ut
495 1855 539 1902 id
576 1856 760 1928 negotii
796 1858 876 1903 des
912 1869 997 1905 tuo
1033 1856 1239 1928 cuipiam
1290 1853 1475 1903 itineris

95 1920 264 1968 comiti
301 1935 355 1966 ac
389 1920 548 1978 socio,
592 1921 636 1967 id
676 1924 794 1969 vero
831 1920 941 1969 mihi
979 1922 1068 1969 erit
1117 1917 1473 1986 gratissimum.

163 2001 234 2043 14.
271 1983 395 2031 Illud
431 1985 577 2032 etiam
615 1985 696 2032 abs
733 1997 783 2034 te
817 1985 968 2033 curari
1025 1986 1196 2045 velim,
1239 1998 1292 2032 ut
1348 1990 1473 2032 Rec-

88 2059 168 2097 tor
184 2048 393 2112 Collegu
415 2049 821 2097 Commorrcensrs
860 2050 1143 2099 nominatim
1178 2051 1329 2097 mede
1365 2063 1468 2094 om-

93 2113 223 2161 nium
262 2116 489 2172 Panum,
529 2112 855 2176 fratrumque,
894 2116 1060 2177 quibus
1083 2126 1279 2176 praeesr
1319 2112 1468 2160 virtu-

92 2177 251 2236 tibus,
288 2176 487 2233 litteris
527 2178 1065 2251 prop'enssionibuffiper
1092 2181 1198 2228 litte
1205 2194 1276 2225 :as
1315 2175 1468 2225 faciat

94 2242 380 2289 certiorem.
420 2245 480 2290 Et
514 2245 739 2305 quoniam
778 2260 948 2292 vereor
971 2278 982 2303 ,
1005 2258 1059 2293 ut
1095 2250 1120 2293 ὲ
1156 2241 1347 2291 summi<
1383 2257 1468 2289 oc-

91 2306 427 2367 cupationibus
463 2319 652 2355 tantum
691 2307 779 2355 otii
817 2309 1000 2369 eripere
1040 2325 1143 2367 poss
1135 2310 1214 2356 ic
1236 2319 1468 2369 quantum

86 2384 146 2417 ea
181 2386 252 2419 res
288 2371 538 2433 postulat3
574 2389 693 2432 oro,
732 2384 785 2420 ut
821 2372 868 2420 id
905 2389 1054 2436 ipsum
1093 2374 1152 2421 ab
1187 2372 1461 2443 alionquo-

1278 2451 1406 2500 piam
