1803 3076
423 328 459 377 4
622 310 668 358 S.
705 308 1066 361 FRANCISCI
1106 306 1400 356 XAVERII

512 401 590 451 Tsi
643 402 818 452 litteris
866 401 1106 451 sociorum
1143 435 1154 462 ,
1193 419 1296 466 quae
1342 404 1456 451 hinc
1504 402 1716 452 Romam

543 471 761 530 proxime
796 468 945 516 missae
981 482 1118 524 sunt,
1142 469 1403 525 certiorem
1439 480 1489 516 te
1528 465 1718 515 factum

535 535 767 593 arbitror,
806 536 948 595 quam
984 531 1192 580 feliciter
1227 533 1295 580 his
1331 532 1450 581 lccis
1470 548 1541 581 res
1579 533 1719 580 Chri-

357 603 545 658 stiana,
585 612 744 647 vestra
797 598 1143 659 deprecatione
1180 631 1191 657 ,
1230 599 1425 662 Deique
1475 597 1716 646 beneficio

357 678 597 731 geratur3
633 677 802 713 tamen
841 666 1066 712 videntur
1098 662 1247 710 etiam
1299 663 1546 710 nonnuliae
1601 678 1719 710 mese

354 744 518 794 partes
538 731 745 791 .1taque
781 718 948 792 pauca*
973 728 1190 789 quaedam
1223 728 1283 775 de
1316 730 1445 776 hisce
1474 727 1594 776 locis
1617 741 1718 775 tam

355 794 608 858 proculab
631 796 763 842 Urbe
791 793 988 841 xemotis
1024 792 1112 838 hac
1134 790 1343 851 epistola
1382 794 1720 857 peistringam.

352 862 565 909 Primum
599 875 718 923 gens
757 858 912 904 omnis
953 855 1118 903 Indica
1155 855 1202 901 in
1225 857 1547 914 universum(
1571 873 1722 921 quan-

353 937 457 973 tum
495 923 662 971 viuere
699 924 882 986 potui)
920 932 994 968 est
1031 921 1298 977 admodum
1335 919 1536 969 barbara
1566 955 1576 981 ‚
1615 938 1707 970 nec

352 987 611 1053 quicquam
650 987 737 1033 nisi
773 987 867 1033 suis
901 1019 913 1045 ,
951 986 1045 1033 hoc
1082 999 1154 1033 est
1190 1018 1202 1044 ,
1241 986 1453 1033 barbaris
1506 989 1717 1035 moribus

348 1064 741 1101 consentaneum
777 1063 892 1099 avet
927 1051 1131 1098 audire:
1153 1050 1212 1098 de
1248 1067 1404 1099 rerum
1442 1052 1716 1101 divinarum

353 1133 412 1164 ac
448 1115 731 1164 salutarium
752 1116 1041 1182 cognitione
1072 1114 1188 1162 nihil
1224 1117 1486 1165 admodum
1507 1116 1719 1167 laborat.

349 1183 562 1247 Ingenio
598 1181 818 1244 plerique
855 1192 966 1228 sunt
1002 1197 1153 1241 pravo
1193 1213 1204 1239 ,
1244 1183 1298 1231 δε
1333 1183 1360 1229 ὲ.
1410 1182 1593 1230 virtute
1630 1183 1713 1230 ab-

348 1247 600 1296 horrenti.
639 1245 920 1295 Incredibili
957 1244 1235 1293 mobilitate
1272 1248 1419 1294 animi
1457 1261 1605 1310 atque
1638 1248 1710 1296 in-

345 1312 662 1369 constantia,
701 1311 796 1359 fide
830 1311 1005 1375 exigua
1037 1344 1048 1369 ,
1087 1327 1143 1358 ac
1179 1315 1303 1373 pene
1356 1312 1486 1361 nulla
1522 1328 1531 1358 :
1573 1325 1712 1362 tanta
1782 1356 1784 1359 .

345 1389 419 1424 est
437 1377 742 1424 consuetudo
775 1377 1010 1439 peccandi
1043 1389 1193 1439 atque
1231 1375 1464 1425 fallendi.
1486 1373 1585 1426 Hic
1621 1395 1708 1427 nos

348 1451 453 1488 tum
491 1442 539 1489 in
576 1441 865 1491 Christianis
918 1441 1237 1500 excolendis,
1276 1454 1379 1489 tum
1417 1444 1463 1489 in
1502 1459 1711 1493 conver·

340 1506 503 1554 tendis
542 1505 758 1554 Ethnicis
796 1506 1001 1554 multum
1040 1505 1596 1558 elaboramus.Proinde
1624 1526 1727 1571 par-

345 1585 421 1619 est
456 1588 542 1619 nos
579 1571 706 1619 filios
743 1585 854 1620 tuos
891 1572 1130 1634 praecipue
1158 1572 1243 1620 tibi
1281 1589 1404 1621 curae
1443 1590 1544 1622 esse
1568 1576 1717 1634 ‚tuis-

341 1652 437 1700 que
487 1638 613 1699 apud
667 1640 828 1685 Deum
883 1639 1103 1700 precibus
1152 1639 1468 1687 continenter
1519 1637 1703 1697 juvari.

340 1703 523 1766 Neque
560 1702 689 1750 enim
725 1714 776 1751 te
810 1700 936 1768 fugit
977 1737 988 1763 ,
1028 1716 1262 1767 quantum
1299 1703 1486 1769 negotii
1522 1705 1583 1753 sit
1619 1706 1704 1753 ho-

337 1768 493 1816 mines
527 1769 741 1827 erudire,
780 1770 859 1832 qui
896 1783 1052 1833 neque
1094 1768 1188 1816 Dei
1224 1770 1453 1818 notitiam
1471 1771 1701 1829 habeant,

338 1848 498 1899 neque
534 1847 742 1895 pareant
777 1833 992 1894 rationi3
1029 1834 1110 1881 sed
1147 1833 1360 1882 alienum
1409 1852 1466 1884 ac
1503 1835 1704 1885 minime

337 1896 596 1947 ferendum
632 1912 810 1960 putent
841 1932 851 1958 ‚
890 1898 1088 1948 avocari
1128 1901 1156 1946 a
1193 1900 1550 1949 consuetudine
1585 1917 1700 1963 pec-

336 1963 513 2023 candi,
552 1981 655 2028 quae
691 1963 788 2023 jam
822 1977 1005 2014 naturae
1054 1964 1152 2013 vim
1206 1966 1439 2015 obtineat
1492 1978 1705 2030 proptex

335 2041 641 2079 vetustatem
663 2065 676 2077 .

394 2110 439 2144 z.
476 2097 594 2143 Haec
629 2095 740 2143 loca
775 2106 889 2144 sunt
908 2096 1020 2144 sane
1050 2095 1300 2144 laboriosa
1328 2129 1340 2155 ‚
1365 2095 1444 2145 vel
1485 2108 1690 2159 propter

327 2176 541 2209 summos
577 2161 758 2210 aestatis
794 2160 981 2211 calores
1021 2194 1033 2219 ‚
1070 2161 1151 2209 vel
1198 2173 1401 2225 propter
1454 2162 1693 2210 maximos

329 2225 515 2288 hyemis
552 2239 728 2291 ventos
779 2239 928 2290 atque
978 2225 1186 2275 imbres.
1230 2227 1482 2275 Alimenta
1537 2240 1692 2290 atque

329 2292 539 2340 subsidia
572 2291 621 2339 in
659 2294 904 2351 Socotora
923 2325 934 2347 ‚
960 2292 1168 2341 Moluco
1191 2325 1203 2352 ,
1223 2295 1570 2342 Promontorio
1592 2296 1689 2342 Co-

329 2357 520 2427 morino
558 2359 854 2424 perexigua3
889 2356 1083 2406 labores
1134 2370 1236 2406 tum
1288 2360 1508 2420 corporis
1538 2391 1551 2418 ,
1588 2371 1691 2406 tum

328 2421 516 2483 ammi,
552 2435 756 2488 propter
790 2421 989 2489 ingenia
1025 2425 1282 2473 hominum
1315 2456 1328 2486 ,
1366 2425 1538 2490 quibus
1557 2438 1691 2537 flcon-

1592 2503 1628 2535 ι-
