1803 3076
390 353 484 405 232
641 335 689 384 S.
723 335 1087 386 FRANCISCI
1121 338 1414 389 XAVERII

312 432 502 484 rientiae
537 447 675 481 sensu
712 444 946 497 tangere,
985 436 1127 497 quam
1186 432 1324 481 valde
1379 431 1702 484 necessarium

311 501 424 548 mihi
462 499 522 546 sit
558 498 766 545 existere
804 497 1011 560 aliquem
1050 500 1128 561 qui
1168 510 1498 559 perattentam
1521 512 1701 561 perque

310 565 531 613 sedulam
571 563 662 609 mei
701 577 863 608 curam
901 574 1064 625 gerat.
1109 562 1287 610 Videat
1321 562 1466 628 igitur
1503 563 1615 625 quid
1649 579 1700 610 a·

314 642 403 695 gat
441 641 525 676 tua
561 638 727 674 sancta
767 626 1008 684 charitas,
1048 626 1160 673 dum
1212 640 1310 674 tam
1362 643 1553 674 sanctas
1600 627 1702 674 ani-

315 711 418 743 mas
456 706 639 755 patrum
676 706 732 736 ac
781 688 979 736 fratrum
1019 691 1280 738 Societatis
1318 692 1394 753 qui
1432 693 1478 738 in
1516 691 1581 739 his
1619 692 1700 739 de-

311 771 436 824 gunt
472 754 1138 820 regionibus,gubernationi
1177 772 1294 803 meae
1330 754 1550 812 subjicis:
1592 756 1705 803 mihi

322 838 440 873 vero
476 836 560 883 per
595 819 745 867 solam
785 822 879 867 Dei
917 818 1293 867 misericordiam
1334 821 1480 867 modo
1508 821 1706 869 eviden-

320 901 397 936 ter
432 887 672 943 innotuit,
711 896 810 931 tam
848 885 975 933 male
1013 900 1086 931 me
1124 897 1344 945 paratum
1381 884 1519 932 rebus
1557 886 1613 932 ad
1649 886 1707 932 is·

313 963 416 1000 tam
456 947 799 999 Praefecturam
839 949 961 998 bene
998 947 1295 1012 fungendam
1325 948 1709 1008 necessariis,ut

313 1031 508 1079 sperare
548 1015 706 1075 potius
746 1013 996 1062 debuerim
1033 1014 1365 1062 commendari
1402 1017 1429 1062 a
1467 1015 1537 1061 Te
1584 1030 1709 1061 curae

314 1098 374 1130 ac
410 1080 727 1144 providentiae
783 1077 984 1127 fratrum
1019 1095 1267 1139 meorum,
1301 1095 1443 1142 quam
1468 1078 1592 1141 ipsos
1617 1080 1705 1126 mi-

309 1147 358 1194 hi
395 1144 640 1194 committi
663 1145 930 1208 regendos.
1611 1141 1613 1143 ’

372 1226 415 1278 3.
455 1209 690 1276 Adiungit
725 1209 896 1257 deinde
933 1221 1016 1257 tua
1053 1221 1223 1257 sancta
1259 1208 1497 1266 charitas,
1535 1207 1705 1272 ingen-

308 1277 346 1327 ti
387 1276 626 1323 desiderio
664 1275 815 1322 teneri
856 1286 904 1322 te
941 1275 1135 1322 videndi
1174 1289 1249 1323 me
1271 1275 1698 1322 adhucsemelan-

309 1354 362 1390 te
402 1341 545 1388 finem
583 1337 718 1397 hujus
758 1338 892 1386 vitae.
934 1340 1095 1388 Novit
1131 1340 1211 1403 qui
1247 1339 1342 1388 mei
1388 1337 1598 1400 pectoris
1634 1337 1708 1384 in-

307 1407 431 1455 tima
469 1405 694 1465 pervidet
736 1404 975 1451 Dominus
1014 1418 1209 1463 noster,
1247 1407 1390 1468 quam
1439 1403 1704 1451 vehemen-

304 1483 407 1520 tem
445 1484 684 1532 quamque
722 1468 911 1516 duicem
951 1468 1314 1531 impressionem
1354 1468 1506 1517 teneri
1555 1466 1703 1515 affec-

306 1548 383 1584 tus
420 1535 582 1582 animo
621 1533 809 1595 penitus
849 1550 956 1581 meo
994 1534 1312 1583 insinuaverit
1348 1535 1447 1581 haec
1471 1533 1539 1580 ita
1561 1533 1698 1580 blan·

307 1601 369 1648 da
406 1599 701 1663 significatio
739 1599 1206 1661 praestantisamoris
1246 1614 1360 1664 erga
1397 1613 1473 1644 me
1508 1596 1605 1644 tui.
1641 1598 1703 1645 E-

304 1664 502 1730 quidem
542 1663 734 1727 quoties
773 1676 854 1711 tua
892 1663 972 1709 ilia
1010 1665 1155 1711 verba
1192 1676 1357 1711 mente
1396 1665 1701 1726 reputo(re-

302 1743 426 1791 puto
464 1741 627 1776 autem
652 1728 944 1791 saepissime)
971 1725 1151 1785 injussae
1176 1728 1284 1775 mihi
1312 1727 1565 1786 lachrymae
1587 1742 1703 1774 ocu-

302 1795 376 1844 los
414 1793 708 1844 comnient:
747 1807 836 1838 nec
873 1805 1071 1853 possunt
1108 1793 1262 1840 teneri
1322 1792 1433 1855 quin
1490 1790 1704 1839 suaviter

306 1869 565 1918 erumpant
601 1857 660 1903 ad
698 1857 849 1903 solam
890 1855 1020 1903 iiiam
1047 1857 1160 1904 mihi
1189 1856 1577 1910 iucundissimam
1601 1871 1705 1918 spe·

307 1924 435 1972 ciem
474 1938 579 1986 quae
617 1922 910 1969 obversatur
957 1922 1223 1981 cogitanti.
1253 1921 1352 1970 fieri
1393 1937 1527 1981 posse
1564 1932 1617 1968 ut
1651 1932 1702 1968 te

308 1989 488 2037 iterum
526 1986 822 2046 amplectar:
869 1986 998 2049 quod
1037 1986 1124 2034 etsi
1153 1986 1292 2035 video
1331 1985 1702 2044 difficillimum;

306 2066 476 2103 tamen
514 2052 626 2099 nihil
663 2064 736 2099 est
791 2052 922 2115 quod
973 2064 1140 2100 sancta
1177 2052 1456 2100 obedientia
1510 2049 1702 2098 efficere

306 2129 554 2181 nequeat.

375 2187 467 2232 Per
500 2181 713 2230 studium
750 2197 845 2245 quo
881 2181 1072 2231 ardenti
1108 2184 1279 2247 flagras
1316 2178 1616 2244 obsequendi
1638 2196 1696 2228 ac

304 2249 624 2316 gratificandi.
656 2250 769 2295 Deo
810 2249 1028 2295 Domino
1065 2262 1261 2306 nostro,
1297 2262 1439 2293 unam
1477 2248 1504 2292 a
1542 2257 1591 2292 te
1612 2261 1694 2306 pe·

305 2326 362 2363 to
398 2315 631 2379 gratiam,
670 2329 810 2377 quam
848 2312 881 2359 si
920 2329 1126 2375 praesens
1147 2312 1360 2361 adessem
1383 2344 1393 2369 ,
1417 2309 1583 2372 positis
1604 2311 1700 2357 hu·

301 2379 369 2428 mi
407 2390 520 2427 ante
558 2392 667 2427 tuos
705 2391 899 2426 sanctos
934 2379 1078 2442 pedes
1116 2378 1314 2440 genibus
1351 2374 1552 2447 supplex
1608 2390 1689 2421 ro-

302 2459 508 2513 garem,†
545 2460 603 2494 ea
639 2456 804 2494 autem
841 2457 945 2506 est,
983 2456 1036 2494 ut
1071 2440 1163 2497 huc
1198 2442 1361 2496 mittas
1396 2454 1548 2492 virum
1605 2437 1691 2484 ali-

1481 2517 1624 2567 quem
