1803 3076
388 303 484 362 1‘82
629 309 679 359 S.
713 308 1074 359 FRANCISCI
1125 307 1413 359 XAVERII

322 404 418 466 pud
477 402 720 465 improbos
757 404 865 452 vitae
901 405 1125 467 exemplo
1177 406 1360 453 assidue
1408 403 1711 453 concionati-n

324 480 403 516 tur
425 501 436 528 ‚
461 481 608 531 atque
644 469 771 516 adeo
806 471 908 530 plus
944 474 1084 534 quam
1121 470 1496 517 concionatores
1531 473 1556 519 ὲ
1593 486 1702 535 sng-

323 545 463 596 gestu
500 549 628 594 saepe
667 533 969 595 proficiunt:
1020 536 1194 598 quippe
1245 537 1351 582 cum
1406 532 1548 598 longe
1597 535 1700 595 plus

325 596 564 645 momenti
601 596 661 643 ad
701 600 1082 658 permovendum
1117 601 1164 646 in
1200 597 1337 647 factis
1374 599 1464 659 sit,
1487 599 1699 661 quamin

322 661 497 709 dictis.

390 742 434 775 2.
471 725 518 773 Si
556 726 734 772 Goano
775 724 821 771 in
859 724 1088 789 Collegio
1112 725 1238 773 Socii
1278 738 1388 775 sunt
1407 727 1464 774 ad
1485 727 1702 775 christia-

325 805 436 837 nam
461 788 733 837 doctrinam
755 788 802 835 in
841 790 1048 838 omnibis
1068 791 1191 837 urbis
1212 791 1400 853 templis
1422 804 1598 840 tenerae
1637 809 1699 840 εε-

324 854 416 902 tati
455 854 744 901 tradendam
797 853 1009 914 idonei,
1061 855 1212 903 solitis
1264 856 1388 902 horis
1438 856 1702 909 mittendos

320 934 528 977 censeo,
566 929 618 966 ut
653 919 1014 967 Catechismum
1052 921 1243 982 quidem
1291 921 1502 968 doceant
1540 922 1698 983 quoti-

316 982 418 1040 die,
466 983 738 1031 Dominicis
775 999 942 1032 autem
978 1001 1034 1033 ac
1072 986 1218 1033 Festis
1254 984 1452 1044 diebus,
1500 985 1694 1046 appozi-

315 1058 417 1095 tam
455 1049 603 1096 etiam
639 1049 700 1095 ad
736 1064 792 1096 ea
815 1081 826 1107 ‚
849 1066 954 1113 quae
988 1049 1290 1110 explicantur
1319 1050 1691 1111 &Catechich

313 1113 705 1161 cohortationem
745 1114 986 1173 habeant;
1024 1116 1079 1165 &
1114 1113 1251 1162 simul
1288 1115 1442 1161 sancti
1492 1113 1693 1171 alicuius

314 1176 405 1225 viri
441 1177 670 1240 praeclara
706 1176 836 1227 facta
874 1191 1293 1227 commemorent.
1330 1178 1534 1243 Collegii
1582 1197 1691 1242 por-

316 1245 373 1291 ῐὸ
411 1241 544 1290 istius
583 1244 771 1292 Rector
824 1243 950 1291 idem
1007 1243 1156 1291 faciat
1202 1243 1248 1291 in
1303 1243 1513 1292 maximo
1567 1245 1692 1293 urbis

314 1306 505 1369 templo
523 1342 534 1352 .
557 1308 604 1354 Si
625 1307 702 1354 alii
729 1320 969 1369 praeterea
991 1309 1379 1357 Concionatores
1413 1308 1543 1355 domi
1566 1323 1696 1369 sunt„

310 1371 394 1434 qui
430 1387 601 1433 pueros
638 1372 921 1421 Christianae
971 1372 1232 1434 disciplinae
1287 1372 1557 1422 rudimenta
1608 1374 1692 1421 do-

313 1451 424 1484 cere
460 1449 674 1500 queant,
714 1451 987 1502 pergratum
1026 1438 1138 1486 mihi
1175 1435 1470 1497 fecerint>si
1507 1453 1589 1487 eos
1608 1440 1693 1486 do-

314 1499 535 1559 cuerint,
573 1517 628 1549 ac
677 1517 769 1550 suae
818 1502 1006 1550 virtutis
1060 1504 1214 1551 odore
1266 1515 1413 1566 atque
1466 1504 1690 1565 exemplo

312 1564 522 1628 reliquos
560 1565 889 1615 excitaverint
923 1569 983 1615 ad
1020 1567 1227 1615 studium
1264 1567 1481 1619 metatis.
1515 1570 1687 1617 Verum

312 1644 534 1678 sermone
571 1646 738 1679 omnes
774 1644 969 1681 utantur
985 1633 1111 1694 apud
1131 1631 1381 1680 Lusitanos
1420 1631 1598 1696 vulgari
1632 1648 1690 1682 ac

310 1694 765 1760 vernaculo‚quali
803 1697 1037 1759 indigenae
1066 1697 1320 1744 Christiani
1359 1712 1414 1744 ac
1450 1698 1691 1760 mancipia

307 1758 379 1806 uti
421 1759 628 1820 solent3
669 1762 798 1824 quod
834 1777 926 1825 ego
963 1777 1156 1824 quoque
1180 1763 1311 1820 ,cum
1348 1761 1486 1808 isthic
1524 1777 1689 1822 essem,

305 1824 572 1886 sequebar3
609 1825 836 1885 quoniam
873 1827 908 1872 is
945 1841 1100 1873 sermo
1137 1824 1324 1873 facilius
1361 1827 1408 1872 in
1445 1842 1577 1874 aures
1612 1841 1686 1876 :rt-

304 1902 398 1949 que
433 1889 622 1936 animos
656 1890 815 1939 influit
850 1890 1157 1939 auditorum.
1195 1891 1324 1957 Qid
1360 1890 1407 1937 in
1459 1890 1550 1938 hoc
1600 1908 1683 1957 ge·

305 1964 423 2000 nere
460 1953 574 2011 fiat,
614 1951 763 2003 facite
801 1954 1092 2014 identidem,
1131 1967 1184 2003 ut
1218 1956 1399 2003 sciam.

373 2032 418 2082 3.
460 2020 762 2082 Mag-nouere
799 2020 998 2076 hortor,
1036 2032 1089 2068 ut
1124 2020 1261 2068 vobis
1296 2021 1422 2083 ipsi(
1459 2022 1586 2083 quod
1604 2038 1683 2071 ca·

303 2094 390 2143 put
428 2095 501 2129 est
535 2093 556 2146 )
593 2083 792 2145 primum
827 2086 1092 2133 attendatis
1115 2104 1131 2134 .·
1168 2090 1265 2149 Qui
1318 2090 1430 2133 enim
1485 2088 1570 2135 sibi
1605 2106 1680 2135 ne-

304 2162 440 2210 quam
475 2153 660 2204 est‚cui
696 2150 831 2197 bonus
867 2153 986 2198 erit?
1009 2147 1090 2212 qui
1126 2150 1245 2198 alios
1282 2166 1446 2197 curare
1483 2162 1678 2210 potest,

300 2210 456 2270 quise
500 2212 648 2273 ipsum
687 2214 1023 2278 negligit?qui
1050 2216 1241 2263 tandem
1279 2228 1497 2263 attentus
1534 2232 1589 2263 ac
1610 2217 1681 2264 di-

301 2271 454 2338 ligens
494 2276 588 2324 erit
624 2277 671 2324 in
708 2277 871 2327 alienis
912 2281 1079 2340 rebus,
1116 2280 1194 2343 qui
1230 2291 1303 2327 est
1339 2280 1594 2328 dissolutus
1629 2282 1677 2329 in

297 2340 432 2387 suis?
464 2341 573 2402 Jam
609 2342 817 2409 Collegii
856 2344 1062 2403 alumni,
1097 2357 1152 2393 ut
1185 2343 1443 2393 maximam
1493 2358 1677 2405 partem

296 2403 422 2457 Sinae
458 2418 542 2455 aut
575 2407 791 2471 Japones
825 2409 948 2472 sint,
984 2421 1150 2462 curate
1182 2428 1203 2470 „-
1251 2425 1333 2459 eos
1380 2409 1515 2459 bonis
1569 2425 1674 2480 mo-

1544 2490 1606 2522 n·-
