<?xml version="1.0" encoding="UTF-8"?>
<!DOCTYPE html PUBLIC "-//W3C//DTD XHTML 1.0 Transitional//EN"
    "http://www.w3.org/TR/xhtml1/DTD/xhtml1-transitional.dtd">
<html xmlns="http://www.w3.org/1999/xhtml" xml:lang="en" lang="en">
 <head>
  <title>
</title>
<meta http-equiv="Content-Type" content="text/html;charset=utf-8" />
  <meta name='ocr-system' content='tesseract 3.04.00' />
  <meta name='ocr-capabilities' content='ocr_page ocr_carea ocr_par ocr_line ocrx_word'/>
</head>
<body>
  <div class='ocr_page' id='page_1' title='image "./sfranciscixaveri02fran_0125.png"; bbox 0 0 1803 3076; ppageno 0'>
   <div class='ocr_carea' id='block_1_1' title="bbox 194 267 1381 334">
    <p class='ocr_par' dir='ltr' id='par_1_1' title="bbox 194 267 1381 334">
     <span class='ocr_line' id='line_1_1' title="bbox 194 267 1381 334; baseline -0.005 -8"><span class='ocrx_word' id='word_1_1' title='bbox 194 269 708 326; x_wconf 87' lang='lat' dir='ltr'>EPISTOLARUM.</span> <span class='ocrx_word' id='word_1_2' title='bbox 730 267 835 316; x_wconf 77' lang='lat' dir='ltr'>Lib.</span> <span class='ocrx_word' id='word_1_3' title='bbox 852 271 945 318; x_wconf 89' lang='lat'><em>111.</em></span> <span class='ocrx_word' id='word_1_4' title='bbox 968 270 1053 334; x_wconf 77' lang='lat' dir='ltr'>Ep.</span> <span class='ocrx_word' id='word_1_5' title='bbox 1074 269 1220 318; x_wconf 86' lang='grc' dir='ltr'><strong><em>ΧΠΙ.</em></strong></span> <span class='ocrx_word' id='word_1_6' title='bbox 1289 284 1381 320; x_wconf 82' lang='lat'>121</span> 
     </span>
    </p>
   </div>
   <div class='ocr_carea' id='block_1_2' title="bbox 60 362 1460 2378">
    <p class='ocr_par' dir='ltr' id='par_1_2' title="bbox 60 362 1457 1390">
     <span class='ocr_line' id='line_1_2' title="bbox 69 362 1447 432; baseline -0.005 -13"><span class='ocrx_word' id='word_1_7' title='bbox 69 387 237 420; x_wconf 83' lang='lat' dir='ltr'>omnes</span> <span class='ocrx_word' id='word_1_8' title='bbox 293 381 645 432; x_wconf 83' lang='lat' dir='ltr'>apparatusque</span> <span class='ocrx_word' id='word_1_9' title='bbox 682 366 882 414; x_wconf 86' lang='lat' dir='ltr'>Diaboli</span> <span class='ocrx_word' id='word_1_10' title='bbox 917 399 931 426; x_wconf 91' lang='lat'>,</span> <span class='ocrx_word' id='word_1_11' title='bbox 968 365 1094 414; x_wconf 83' lang='lat' dir='ltr'>haud</span> <span class='ocrx_word' id='word_1_12' title='bbox 1145 362 1296 412; x_wconf 89' lang='lat' dir='ltr'>dubiis</span> <span class='ocrx_word' id='word_1_13' title='bbox 1348 362 1447 422; x_wconf 86' lang='lat' dir='ltr'>jam</span> 
     </span>
     <span class='ocr_line' id='line_1_3' title="bbox 66 432 1443 498; baseline -0.004 -16"><span class='ocrx_word' id='word_1_14' title='bbox 66 436 196 498; x_wconf 86' lang='lat' dir='ltr'>quasi</span> <span class='ocrx_word' id='word_1_15' title='bbox 232 434 624 497; x_wconf 81' lang='lat' dir='ltr'>clarigationibus</span> <span class='ocrx_word' id='word_1_16' title='bbox 662 432 840 479; x_wconf 81' lang='lat' dir='ltr'>bellum</span> <span class='ocrx_word' id='word_1_17' title='bbox 877 447 1019 492; x_wconf 87' lang='lat' dir='ltr'>acre,</span> <span class='ocrx_word' id='word_1_18' title='bbox 1056 434 1155 495; x_wconf 82' lang='lat' dir='ltr'>quo</span> <span class='ocrx_word' id='word_1_19' title='bbox 1208 444 1293 476; x_wconf 88' lang='lat' dir='ltr'>nos</span> <span class='ocrx_word' id='word_1_20' title='bbox 1345 432 1443 476; x_wconf 85' lang='lat' dir='ltr'>hoc</span> 
     </span>
     <span class='ocr_line' id='line_1_4' title="bbox 66 494 1446 559; baseline -0.004 -11"><span class='ocrx_word' id='word_1_21' title='bbox 66 516 198 548; x_wconf 85' lang='lat' dir='ltr'>cursu</span> <span class='ocrx_word' id='word_1_22' title='bbox 235 498 461 557; x_wconf 85' lang='lat' dir='ltr'>dejiciat,</span> <span class='ocrx_word' id='word_1_23' title='bbox 517 496 890 556; x_wconf 78' lang='lat' dir='ltr'>denunciantis,</span> <span class='ocrx_word' id='word_1_24' title='bbox 945 497 1041 544; x_wconf 91' lang='lat' dir='ltr'>duo</span> <span class='ocrx_word' id='word_1_25' title='bbox 1092 494 1310 559; x_wconf 82' lang='lat' dir='ltr'>quaedam</span> <span class='ocrx_word' id='word_1_26' title='bbox 1364 509 1446 542; x_wconf 80' lang='lat' dir='ltr'>me</span> 
     </span>
     <span class='ocr_line' id='line_1_5' title="bbox 64 558 1446 622; baseline -0.003 -11"><span class='ocrx_word' id='word_1_27' title='bbox 64 576 361 613; x_wconf 83' lang='lat' dir='ltr'><strong>sustentant.</strong></span> <span class='ocrx_word' id='word_1_28' title='bbox 398 563 523 609; x_wconf 84' lang='lat' dir='ltr'>Prius</span> <span class='ocrx_word' id='word_1_29' title='bbox 559 577 724 622; x_wconf 84' lang='lat' dir='ltr'>certa,</span> <span class='ocrx_word' id='word_1_30' title='bbox 762 574 815 609; x_wconf 88' lang='lat' dir='ltr'>ut</span> <span class='ocrx_word' id='word_1_31' title='bbox 851 562 1000 610; x_wconf 76' lang='lat' dir='ltr'>modo</span> <span class='ocrx_word' id='word_1_32' title='bbox 1034 560 1163 619; x_wconf 84' lang='lat' dir='ltr'>dixi,</span> <span class='ocrx_word' id='word_1_33' title='bbox 1199 558 1446 622; x_wconf 86' lang='lat' dir='ltr'>persuasio</span> 
     </span>
     <span class='ocr_line' id='line_1_6' title="bbox 63 625 1451 692; baseline -0.004 -15"><span class='ocrx_word' id='word_1_34' title='bbox 63 629 453 692; x_wconf 79' lang='lat' dir='ltr'>perspectissimae</span> <span class='ocrx_word' id='word_1_35' title='bbox 491 630 604 674; x_wconf 90' lang='lat' dir='ltr'>Deo</span> <span class='ocrx_word' id='word_1_36' title='bbox 641 626 942 675; x_wconf 77' lang='lat' dir='ltr'>rectitudinis</span> <span class='ocrx_word' id='word_1_37' title='bbox 994 640 1204 674; x_wconf 84' lang='lat' dir='ltr'>mearum</span> <span class='ocrx_word' id='word_1_38' title='bbox 1260 628 1306 671; x_wconf 84' lang='lat' dir='ltr'>in</span> <span class='ocrx_word' id='word_1_39' title='bbox 1354 625 1451 672; x_wconf 88' lang='lat' dir='ltr'>hoc</span> 
     </span>
     <span class='ocr_line' id='line_1_7' title="bbox 63 688 1449 756; baseline -0.004 -15"><span class='ocrx_word' id='word_1_40' title='bbox 63 694 234 742; x_wconf 88' lang='lat' dir='ltr'>itinere</span> <span class='ocrx_word' id='word_1_41' title='bbox 280 693 637 756; x_wconf 75' lang='lat' dir='ltr'>cogitationum</span> <span class='ocrx_word' id='word_1_42' title='bbox 671 731 682 740; x_wconf 93' lang='lat'><strong><em>.</em></strong></span> <span class='ocrx_word' id='word_1_43' title='bbox 760 691 976 739; x_wconf 88' lang='lat' dir='ltr'>Alterum</span> <span class='ocrx_word' id='word_1_44' title='bbox 1039 688 1449 739; x_wconf 80' lang='lat' dir='ltr'>indubitatissima</span> 
     </span>
     <span class='ocr_line' id='line_1_8' title="bbox 64 754 1447 808; baseline -0.006 -1"><span class='ocrx_word' id='word_1_45' title='bbox 64 760 240 808; x_wconf 89' lang='lat' dir='ltr'>notitia</span> <span class='ocrx_word' id='word_1_46' title='bbox 293 756 628 804; x_wconf 73' lang='lat' dir='ltr'>absolutissimi</span> <span class='ocrx_word' id='word_1_47' title='bbox 682 754 881 804; x_wconf 87' lang='lat' dir='ltr'>dominii</span> <span class='ocrx_word' id='word_1_48' title='bbox 939 754 1129 805; x_wconf 88' lang='lat' dir='ltr'>Divinae</span> <span class='ocrx_word' id='word_1_49' title='bbox 1178 754 1447 804; x_wconf 86' lang='lat' dir='ltr'>voluntatis</span> 
     </span>
     <span class='ocr_line' id='line_1_9' title="bbox 63 818 1449 882; baseline -0.005 -11"><span class='ocrx_word' id='word_1_50' title='bbox 63 825 113 871; x_wconf 89' lang='lat' dir='ltr'>in</span> <span class='ocrx_word' id='word_1_51' title='bbox 148 838 219 871; x_wconf 91' lang='lat' dir='ltr'>res</span> <span class='ocrx_word' id='word_1_52' title='bbox 256 834 441 870; x_wconf 84' lang='lat' dir='ltr'>creatas</span> <span class='ocrx_word' id='word_1_53' title='bbox 479 821 830 880; x_wconf 78' lang='lat' dir='ltr'>universas3ita</span> <span class='ocrx_word' id='word_1_54' title='bbox 869 834 922 868; x_wconf 90' lang='lat' dir='ltr'>ut</span> <span class='ocrx_word' id='word_1_55' title='bbox 956 819 1085 868; x_wconf 88' lang='lat' dir='ltr'>nulla</span> <span class='ocrx_word' id='word_1_56' title='bbox 1112 835 1276 868; x_wconf 88' lang='lat' dir='ltr'>earum</span> <span class='ocrx_word' id='word_1_57' title='bbox 1314 818 1449 882; x_wconf 87' lang='lat' dir='ltr'>quid-</span> 
     </span>
     <span class='ocr_line' id='line_1_10' title="bbox 65 881 1450 952; baseline -0.004 -17"><span class='ocrx_word' id='word_1_58' title='bbox 65 904 206 952; x_wconf 84' lang='lat' dir='ltr'>quam</span> <span class='ocrx_word' id='word_1_59' title='bbox 245 903 417 951; x_wconf 85' lang='lat' dir='ltr'>agere,</span> <span class='ocrx_word' id='word_1_60' title='bbox 458 887 541 932; x_wconf 86' lang='lat' dir='ltr'>nisi</span> <span class='ocrx_word' id='word_1_61' title='bbox 588 891 694 934; x_wconf 67' lang='lat' dir='ltr'>Deo</span> <span class='ocrx_word' id='word_1_62' title='bbox 731 887 1072 946; x_wconf 81' lang='lat' dir='ltr'>permittente,</span> <span class='ocrx_word' id='word_1_63' title='bbox 1128 897 1312 948; x_wconf 88' lang='lat' dir='ltr'>queat:</span> <span class='ocrx_word' id='word_1_64' title='bbox 1352 881 1450 946; x_wconf 60' lang='lat' dir='ltr'>quit</span> 
     </span>
     <span class='ocr_line' id='line_1_11' title="bbox 63 948 1449 1017; baseline -0.005 -16"><span class='ocrx_word' id='word_1_65' title='bbox 63 954 172 1017; x_wconf 81' lang='lat' dir='ltr'>lege</span> <span class='ocrx_word' id='word_1_66' title='bbox 206 952 359 1000; x_wconf 88' lang='lat' dir='ltr'>teneri</span> <span class='ocrx_word' id='word_1_67' title='bbox 403 953 658 997; x_wconf 83' lang='lat' dir='ltr'>Daemonas</span> <span class='ocrx_word' id='word_1_68' title='bbox 696 950 954 1011; x_wconf 79' lang='lat' dir='ltr'>ipsos,nec</span> <span class='ocrx_word' id='word_1_69' title='bbox 986 948 1344 1014; x_wconf 87' lang='lat' dir='ltr'>quantumlibet</span> <span class='ocrx_word' id='word_1_70' title='bbox 1367 963 1449 994; x_wconf 87' lang='lat' dir='ltr'>cu-</span> 
     </span>
     <span class='ocr_line' id='line_1_12' title="bbox 65 1010 1451 1081; baseline -0.004 -19"><span class='ocrx_word' id='word_1_71' title='bbox 65 1019 231 1081; x_wconf 83' lang='lat' dir='ltr'>piant,</span> <span class='ocrx_word' id='word_1_72' title='bbox 270 1030 409 1076; x_wconf 85' lang='lat' dir='ltr'>posse</span> <span class='ocrx_word' id='word_1_73' title='bbox 447 1030 623 1062; x_wconf 85' lang='lat' dir='ltr'>nocere</span> <span class='ocrx_word' id='word_1_74' title='bbox 659 1016 908 1077; x_wconf 86' lang='lat' dir='ltr'>cuiquam,</span> <span class='ocrx_word' id='word_1_75' title='bbox 947 1015 1034 1061; x_wconf 88' lang='lat' dir='ltr'>nisi</span> <span class='ocrx_word' id='word_1_76' title='bbox 1069 1013 1267 1062; x_wconf 67' lang='lat' dir='ltr'>licentia</span> <span class='ocrx_word' id='word_1_77' title='bbox 1316 1010 1451 1059; x_wconf 83' lang='lat' dir='ltr'>saevi-</span> 
     </span>
     <span class='ocr_line' id='line_1_13' title="bbox 65 1076 1452 1140; baseline -0.005 -11"><span class='ocrx_word' id='word_1_78' title='bbox 65 1083 172 1130; x_wconf 84' lang='lat' dir='ltr'>endi</span> <span class='ocrx_word' id='word_1_79' title='bbox 208 1096 234 1128; x_wconf 85' lang='lat' dir='ltr'>a</span> <span class='ocrx_word' id='word_1_80' title='bbox 275 1084 382 1128; x_wconf 88' lang='lat' dir='ltr'>Deo</span> <span class='ocrx_word' id='word_1_81' title='bbox 421 1078 701 1139; x_wconf 70' lang='lat' dir='ltr'>impetrata,</span> <span class='ocrx_word' id='word_1_82' title='bbox 746 1081 792 1125; x_wconf 90' lang='lat' dir='ltr'>in</span> <span class='ocrx_word' id='word_1_83' title='bbox 827 1078 942 1140; x_wconf 61' lang='lat' dir='ltr'>Jsibi</span> <span class='ocrx_word' id='word_1_84' title='bbox 979 1080 1191 1127; x_wconf 89' lang='lat' dir='ltr'>cernitur</span> <span class='ocrx_word' id='word_1_85' title='bbox 1224 1076 1452 1135; x_wconf 86' lang='lat' dir='ltr'>historia,</span> 
     </span>
     <span class='ocr_line' id='line_1_14' title="bbox 63 1142 1451 1201; baseline -0.004 -8"><span class='ocrx_word' id='word_1_86' title='bbox 63 1147 138 1194; x_wconf 90' lang='lat' dir='ltr'>cui</span> <span class='ocrx_word' id='word_1_87' title='bbox 177 1145 281 1191; x_wconf 86' lang='lat' dir='ltr'>viro</span> <span class='ocrx_word' id='word_1_88' title='bbox 319 1146 474 1191; x_wconf 78' lang='lat' dir='ltr'>Sacrae</span> <span class='ocrx_word' id='word_1_89' title='bbox 513 1145 700 1191; x_wconf 84' lang='lat' dir='ltr'>Litterae</span> <span class='ocrx_word' id='word_1_90' title='bbox 740 1156 1002 1201; x_wconf 83' lang='lat' dir='ltr'>testantur,</span> <span class='ocrx_word' id='word_1_91' title='bbox 1026 1143 1214 1191; x_wconf 88' lang='lat' dir='ltr'>hostem</span> <span class='ocrx_word' id='word_1_92' title='bbox 1234 1142 1451 1189; x_wconf 86' lang='lat' dir='ltr'>licetim-</span> 
     </span>
     <span class='ocr_line' id='line_1_15' title="bbox 63 1205 1448 1270; baseline -0.004 -12"><span class='ocrx_word' id='word_1_93' title='bbox 63 1208 386 1258; x_wconf 88' lang='lat' dir='ltr'>manissimum</span> <span class='ocrx_word' id='word_1_94' title='bbox 425 1207 716 1266; x_wconf 82' lang='lat' dir='ltr'>Diabolum,</span> <span class='ocrx_word' id='word_1_95' title='bbox 755 1223 815 1255; x_wconf 89' lang='lat' dir='ltr'>ne</span> <span class='ocrx_word' id='word_1_96' title='bbox 851 1208 1098 1253; x_wconf 89' lang='lat' dir='ltr'>minimum</span> <span class='ocrx_word' id='word_1_97' title='bbox 1135 1207 1356 1270; x_wconf 68' lang='lat' dir='ltr'>quidem,</span> <span class='ocrx_word' id='word_1_98' title='bbox 1387 1205 1448 1252; x_wconf 85' lang='lat' dir='ltr'>si-</span> 
     </span>
     <span class='ocr_line' id='line_1_16' title="bbox 64 1270 1457 1336; baseline -0.005 -12"><span class='ocrx_word' id='word_1_99' title='bbox 64 1291 125 1324; x_wconf 89' lang='lat' dir='ltr'>ne</span> <span class='ocrx_word' id='word_1_100' title='bbox 164 1273 262 1322; x_wconf 90' lang='lat' dir='ltr'>Dei</span> <span class='ocrx_word' id='word_1_101' title='bbox 297 1285 416 1321; x_wconf 90' lang='lat' dir='ltr'>nutu</span> <span class='ocrx_word' id='word_1_102' title='bbox 452 1285 598 1336; x_wconf 87' lang='lat' dir='ltr'>atque</span> <span class='ocrx_word' id='word_1_103' title='bbox 619 1272 1232 1331; x_wconf 87' lang='lat' dir='ltr'>arbitrio,incommodare</span> <span class='ocrx_word' id='word_1_104' title='bbox 1266 1270 1457 1333; x_wconf 86' lang='lat' dir='ltr'>potuis-</span> 
     </span>
     <span class='ocr_line' id='line_1_17' title="bbox 60 1356 142 1390; baseline 0.024 -2"><span class='ocrx_word' id='word_1_105' title='bbox 60 1356 142 1390; x_wconf 86' lang='lat' dir='ltr'>se·</span> 
     </span>
    </p>

    <p class='ocr_par' dir='ltr' id='par_1_3' title="bbox 60 1397 1460 2378">
     <span class='ocr_line' id='line_1_18' title="bbox 132 1397 1452 1466; baseline -0.005 -14"><span class='ocrx_word' id='word_1_106' title='bbox 132 1418 205 1452; x_wconf 88' lang='lat'>12.</span> <span class='ocrx_word' id='word_1_107' title='bbox 226 1405 341 1451; x_wconf 85' lang='lat' dir='ltr'>Haec</span> <span class='ocrx_word' id='word_1_108' title='bbox 378 1404 438 1450; x_wconf 81' lang='lat' dir='ltr'>eo</span> <span class='ocrx_word' id='word_1_109' title='bbox 475 1400 654 1451; x_wconf 87' lang='lat' dir='ltr'>dissero</span> <span class='ocrx_word' id='word_1_110' title='bbox 692 1402 820 1466; x_wconf 88' lang='lat' dir='ltr'>quod</span> <span class='ocrx_word' id='word_1_111' title='bbox 843 1399 1277 1464; x_wconf 86' lang='lat' dir='ltr'>exploratissimum</span> <span class='ocrx_word' id='word_1_112' title='bbox 1305 1397 1452 1448; x_wconf 87' lang='lat' dir='ltr'>habe-</span> 
     </span>
     <span class='ocr_line' id='line_1_19' title="bbox 62 1466 1454 1530; baseline -0.005 -12"><span class='ocrx_word' id='word_1_113' title='bbox 62 1482 165 1524; x_wconf 86' lang='lat' dir='ltr'>tur,</span> <span class='ocrx_word' id='word_1_114' title='bbox 205 1469 329 1514; x_wconf 88' lang='lat' dir='ltr'>hunc</span> <span class='ocrx_word' id='word_1_115' title='bbox 365 1482 504 1530; x_wconf 87' lang='lat' dir='ltr'>quem</span> <span class='ocrx_word' id='word_1_116' title='bbox 544 1483 656 1515; x_wconf 85' lang='lat' dir='ltr'>mox</span> <span class='ocrx_word' id='word_1_117' title='bbox 694 1481 886 1516; x_wconf 86' lang='lat' dir='ltr'>tentare</span> <span class='ocrx_word' id='word_1_118' title='bbox 923 1467 1261 1514; x_wconf 85' lang='lat' dir='ltr'>constituimus</span> <span class='ocrx_word' id='word_1_119' title='bbox 1292 1499 1302 1526; x_wconf 86' lang='lat'>‚</span> <span class='ocrx_word' id='word_1_120' title='bbox 1347 1466 1454 1511; x_wconf 84' lang='lat' dir='ltr'>Ma-</span> 
     </span>
     <span class='ocr_line' id='line_1_20' title="bbox 60 1529 1455 1595; baseline -0.004 -14"><span class='ocrx_word' id='word_1_121' title='bbox 60 1533 168 1581; x_wconf 71' lang='lat' dir='ltr'>laca</span> <span class='ocrx_word' id='word_1_122' title='bbox 203 1531 248 1579; x_wconf 90' lang='lat' dir='ltr'>in</span> <span class='ocrx_word' id='word_1_123' title='bbox 283 1532 542 1594; x_wconf 82' lang='lat' dir='ltr'>Japoniam</span> <span class='ocrx_word' id='word_1_124' title='bbox 580 1530 834 1589; x_wconf 76' lang='lat' dir='ltr'>traiectum</span> <span class='ocrx_word' id='word_1_125' title='bbox 867 1566 879 1592; x_wconf 89' lang='lat'>‚</span> <span class='ocrx_word' id='word_1_126' title='bbox 917 1531 1288 1595; x_wconf 74' lang='lat' dir='ltr'>praesentissimis</span> <span class='ocrx_word' id='word_1_127' title='bbox 1341 1529 1455 1576; x_wconf 77' lang='lat' dir='ltr'>dirae</span> 
     </span>
     <span class='ocr_line' id='line_1_21' title="bbox 62 1595 1450 1658; baseline -0.004 -12"><span class='ocrx_word' id='word_1_128' title='bbox 62 1596 231 1646; x_wconf 89' lang='lat' dir='ltr'>mortis</span> <span class='ocrx_word' id='word_1_129' title='bbox 266 1612 366 1644; x_wconf 87' lang='lat' dir='ltr'>esse</span> <span class='ocrx_word' id='word_1_130' title='bbox 403 1597 626 1658; x_wconf 78' lang='lat' dir='ltr'>periculis</span> <span class='ocrx_word' id='word_1_131' title='bbox 663 1597 962 1655; x_wconf 84' lang='lat' dir='ltr'>obnoxium,</span> <span class='ocrx_word' id='word_1_132' title='bbox 1010 1597 1073 1644; x_wconf 94' lang='lat' dir='ltr'>ob</span> <span class='ocrx_word' id='word_1_133' title='bbox 1123 1612 1298 1644; x_wconf 88' lang='lat' dir='ltr'>saevam</span> <span class='ocrx_word' id='word_1_134' title='bbox 1353 1595 1450 1640; x_wconf 87' lang='lat' dir='ltr'>vim</span> 
     </span>
     <span class='ocr_line' id='line_1_22' title="bbox 61 1658 1451 1724; baseline -0.005 -13"><span class='ocrx_word' id='word_1_135' title='bbox 61 1661 299 1711; x_wconf 84' lang='lat' dir='ltr'>atrocium</span> <span class='ocrx_word' id='word_1_136' title='bbox 348 1661 667 1724; x_wconf 86' lang='lat' dir='ltr'>procellarum</span> <span class='ocrx_word' id='word_1_137' title='bbox 720 1664 776 1715; x_wconf 83' lang='lat'>&amp;</span> <span class='ocrx_word' id='word_1_138' title='bbox 827 1660 1203 1710; x_wconf 83' lang='lat' dir='ltr'>inobservabiles</span> <span class='ocrx_word' id='word_1_139' title='bbox 1255 1658 1451 1708; x_wconf 80' lang='lat' dir='ltr'>insidias</span> 
     </span>
     <span class='ocr_line' id='line_1_23' title="bbox 61 1721 1455 1790; baseline -0.002 -16"><span class='ocrx_word' id='word_1_140' title='bbox 61 1726 312 1776; x_wconf 91' lang='lat' dir='ltr'>latentium</span> <span class='ocrx_word' id='word_1_141' title='bbox 350 1726 656 1788; x_wconf 81' lang='lat' dir='ltr'>scopulorum</span> <span class='ocrx_word' id='word_1_142' title='bbox 693 1743 750 1774; x_wconf 92' lang='lat' dir='ltr'>ac</span> <span class='ocrx_word' id='word_1_143' title='bbox 788 1724 1258 1790; x_wconf 87' lang='lat' dir='ltr'>Syrtium;denique</span> <span class='ocrx_word' id='word_1_144' title='bbox 1295 1724 1358 1772; x_wconf 91' lang='lat' dir='ltr'>ob</span> <span class='ocrx_word' id='word_1_145' title='bbox 1381 1721 1455 1771; x_wconf 90' lang='lat' dir='ltr'>fe-</span> 
     </span>
     <span class='ocr_line' id='line_1_24' title="bbox 62 1791 1456 1848; baseline -0.004 -9"><span class='ocrx_word' id='word_1_146' title='bbox 62 1807 138 1839; x_wconf 87' lang='lat' dir='ltr'>ros</span> <span class='ocrx_word' id='word_1_147' title='bbox 175 1792 384 1840; x_wconf 84' lang='lat' dir='ltr'>incursus</span> <span class='ocrx_word' id='word_1_148' title='bbox 422 1791 754 1841; x_wconf 78' lang='lat' dir='ltr'>infestantium</span> <span class='ocrx_word' id='word_1_149' title='bbox 807 1793 925 1841; x_wconf 91' lang='lat' dir='ltr'>illud</span> <span class='ocrx_word' id='word_1_150' title='bbox 969 1796 1105 1839; x_wconf 69' lang='lat' dir='ltr'>&#39;mare</span> <span class='ocrx_word' id='word_1_151' title='bbox 1158 1793 1456 1848; x_wconf 89' lang='lat' dir='ltr'>Piratarum;</span> 
     </span>
     <span class='ocr_line' id='line_1_25' title="bbox 64 1856 1455 1920; baseline -0.002 -17"><span class='ocrx_word' id='word_1_152' title='bbox 64 1873 165 1920; x_wconf 85' lang='lat' dir='ltr'>quae</span> <span class='ocrx_word' id='word_1_153' title='bbox 203 1856 469 1904; x_wconf 87' lang='lat' dir='ltr'>discrimina</span> <span class='ocrx_word' id='word_1_154' title='bbox 519 1861 662 1919; x_wconf 73' lang='lat' dir='ltr'>quam</span> <span class='ocrx_word' id='word_1_155' title='bbox 718 1874 817 1905; x_wconf 88' lang='lat' dir='ltr'>non</span> <span class='ocrx_word' id='word_1_156' title='bbox 865 1875 924 1906; x_wconf 81' lang='lat' dir='ltr'>ex</span> <span class='ocrx_word' id='word_1_157' title='bbox 980 1873 1106 1905; x_wconf 85' lang='lat' dir='ltr'>vano</span> <span class='ocrx_word' id='word_1_158' title='bbox 1160 1856 1455 1910; x_wconf 84' lang='lat' dir='ltr'>timeantur,</span> 
     </span>
     <span class='ocr_line' id='line_1_26' title="bbox 63 1915 1460 1986; baseline -0.005 -17"><span class='ocrx_word' id='word_1_159' title='bbox 63 1922 293 1984; x_wconf 76' lang='lat' dir='ltr'>exemplis</span> <span class='ocrx_word' id='word_1_160' title='bbox 330 1919 690 1986; x_wconf 81' lang='lat' dir='ltr'>naufragiorum</span> <span class='ocrx_word' id='word_1_161' title='bbox 714 1925 768 1974; x_wconf 66' lang='grc' dir='ltr'>δε</span> <span class='ocrx_word' id='word_1_162' title='bbox 788 1924 1071 1972; x_wconf 75' lang='lat' dir='ltr'>servitutum</span> <span class='ocrx_word' id='word_1_163' title='bbox 1094 1956 1101 1964; x_wconf 89' lang='lat'><em>.</em></span> <span class='ocrx_word' id='word_1_164' title='bbox 1125 1937 1212 1982; x_wconf 82' lang='lat' dir='ltr'>pro</span> <span class='ocrx_word' id='word_1_165' title='bbox 1250 1915 1460 1982; x_wconf 79' lang='lat' dir='ltr'>experiri</span> 
     </span>
     <span class='ocr_line' id='line_1_27' title="bbox 65 1984 1454 2041; baseline -0.003 -8"><span class='ocrx_word' id='word_1_166' title='bbox 65 2001 251 2035; x_wconf 87' lang='lat' dir='ltr'>cursum</span> <span class='ocrx_word' id='word_1_167' title='bbox 287 1987 428 2035; x_wconf 88' lang='lat' dir='ltr'>istum</span> <span class='ocrx_word' id='word_1_168' title='bbox 465 1989 746 2036; x_wconf 86' lang='lat' dir='ltr'>audentium</span> <span class='ocrx_word' id='word_1_169' title='bbox 771 2003 970 2037; x_wconf 87' lang='lat' dir='ltr'>numero</span> <span class='ocrx_word' id='word_1_170' title='bbox 995 1984 1454 2041; x_wconf 87' lang='lat' dir='ltr'>increbescentibus,</span> 
     </span>
     <span class='ocr_line' id='line_1_28' title="bbox 63 2047 1456 2118; baseline -0.005 -20"><span class='ocrx_word' id='word_1_171' title='bbox 63 2051 382 2114; x_wconf 79' lang='lat' dir='ltr'>perspicitur3</span> <span class='ocrx_word' id='word_1_172' title='bbox 418 2064 471 2100; x_wconf 91' lang='lat' dir='ltr'>ut</span> <span class='ocrx_word' id='word_1_173' title='bbox 506 2050 600 2111; x_wconf 88' lang='lat' dir='ltr'>jam</span> <span class='ocrx_word' id='word_1_174' title='bbox 635 2054 829 2102; x_wconf 81' lang='lat' dir='ltr'>tertiam</span> <span class='ocrx_word' id='word_1_175' title='bbox 868 2067 1106 2118; x_wconf 89' lang='lat' dir='ltr'>quamque</span> <span class='ocrx_word' id='word_1_176' title='bbox 1144 2054 1170 2100; x_wconf 76' lang='grc' dir='ltr'>ὲ</span> <span class='ocrx_word' id='word_1_177' title='bbox 1219 2047 1456 2097; x_wconf 74' lang='lat' dir='ltr'>solventi-</span> 
     </span>
     <span class='ocr_line' id='line_1_29' title="bbox 64 2114 1456 2182; baseline -0.003 -20"><span class='ocrx_word' id='word_1_178' title='bbox 64 2115 155 2163; x_wconf 87' lang='lat' dir='ltr'>bus</span> <span class='ocrx_word' id='word_1_179' title='bbox 192 2132 250 2163; x_wconf 85' lang='lat' dir='ltr'>ex</span> <span class='ocrx_word' id='word_1_180' title='bbox 288 2116 380 2164; x_wconf 88' lang='lat' dir='ltr'>hoc</span> <span class='ocrx_word' id='word_1_181' title='bbox 430 2129 515 2164; x_wconf 86' lang='lat' dir='ltr'>aut</span> <span class='ocrx_word' id='word_1_182' title='bbox 569 2118 775 2166; x_wconf 90' lang='lat' dir='ltr'>finitimo</span> <span class='ocrx_word' id='word_1_183' title='bbox 821 2119 1048 2182; x_wconf 88' lang='lat' dir='ltr'>quopiam</span> <span class='ocrx_word' id='word_1_184' title='bbox 1105 2128 1246 2177; x_wconf 88' lang='lat' dir='ltr'>portu</span> <span class='ocrx_word' id='word_1_185' title='bbox 1294 2114 1456 2161; x_wconf 74' lang='lat' dir='ltr'>versus</span> 
     </span>
     <span class='ocr_line' id='line_1_30' title="bbox 62 2174 1455 2248; baseline -0.004 -21"><span class='ocrx_word' id='word_1_186' title='bbox 62 2180 305 2242; x_wconf 86' lang='lat' dir='ltr'>Japonem</span> <span class='ocrx_word' id='word_1_187' title='bbox 342 2182 564 2242; x_wconf 81' lang='lat' dir='ltr'>navibus,</span> <span class='ocrx_word' id='word_1_188' title='bbox 592 2183 757 2248; x_wconf 89' lang='lat' dir='ltr'>aliquo</span> <span class='ocrx_word' id='word_1_189' title='bbox 793 2186 817 2232; x_wconf 79' lang='grc' dir='ltr'>ὲ</span> <span class='ocrx_word' id='word_1_190' title='bbox 854 2183 1003 2231; x_wconf 84' lang='lat' dir='ltr'>tribus</span> <span class='ocrx_word' id='word_1_191' title='bbox 1039 2178 1319 2232; x_wconf 70' lang='lat' dir='ltr'>memoratis</span> <span class='ocrx_word' id='word_1_192' title='bbox 1354 2174 1455 2223; x_wconf 83' lang='lat' dir='ltr'>exi-</span> 
     </span>
     <span class='ocr_line' id='line_1_31' title="bbox 66 2243 1456 2309; baseline -0.006 -12"><span class='ocrx_word' id='word_1_193' title='bbox 66 2245 139 2291; x_wconf 91' lang='lat' dir='ltr'>tio</span> <span class='ocrx_word' id='word_1_194' title='bbox 176 2244 387 2296; x_wconf 52' lang='lat' dir='ltr'>absumi,</span> <span class='ocrx_word' id='word_1_195' title='bbox 427 2264 512 2308; x_wconf 86' lang='lat' dir='ltr'>pro</span> <span class='ocrx_word' id='word_1_196' title='bbox 548 2265 597 2296; x_wconf 87' lang='lat' dir='ltr'>re</span> <span class='ocrx_word' id='word_1_197' title='bbox 634 2265 716 2296; x_wconf 85' lang='lat' dir='ltr'>usu</span> <span class='ocrx_word' id='word_1_198' title='bbox 753 2249 1004 2309; x_wconf 69' lang='lat' dir='ltr'>comperta</span> <span class='ocrx_word' id='word_1_199' title='bbox 1041 2280 1053 2306; x_wconf 87' lang='lat'>,</span> <span class='ocrx_word' id='word_1_200' title='bbox 1090 2261 1178 2293; x_wconf 90' lang='lat' dir='ltr'>nec</span> <span class='ocrx_word' id='word_1_201' title='bbox 1232 2243 1331 2292; x_wconf 75' lang='lat' dir='ltr'>fere</span> <span class='ocrx_word' id='word_1_202' title='bbox 1369 2243 1456 2289; x_wconf 87' lang='lat' dir='ltr'>hu-</span> 
     </span>
     <span class='ocr_line' id='line_1_32' title="bbox 68 2311 1049 2378; baseline 0.001 -22"><span class='ocrx_word' id='word_1_203' title='bbox 68 2311 276 2357; x_wconf 74' lang='lat' dir='ltr'>manitus</span> <span class='ocrx_word' id='word_1_204' title='bbox 314 2311 528 2358; x_wconf 82' lang='lat' dir='ltr'>evitabili</span> <span class='ocrx_word' id='word_1_205' title='bbox 564 2313 712 2378; x_wconf 76' lang='lat' dir='ltr'>vulgo</span> <span class='ocrx_word' id='word_1_206' title='bbox 748 2313 1049 2361; x_wconf 80' lang='lat' dir='ltr'>celebretur.</span> 
     </span>
    </p>
   </div>
   <div class='ocr_carea' id='block_1_3' title="bbox 132 2371 1450 2485">
    <p class='ocr_par' dir='ltr' id='par_1_4' title="bbox 132 2371 1450 2485">
     <span class='ocr_line' id='line_1_33' title="bbox 132 2371 1450 2442; baseline -0.006 -19"><span class='ocrx_word' id='word_1_207' title='bbox 132 2389 205 2440; x_wconf 85' lang='lat'>13·</span> <span class='ocrx_word' id='word_1_208' title='bbox 242 2377 361 2424; x_wconf 84' lang='lat' dir='ltr'>Haee</span> <span class='ocrx_word' id='word_1_209' title='bbox 397 2390 521 2440; x_wconf 85' lang='lat' dir='ltr'>saepe</span> <span class='ocrx_word' id='word_1_210' title='bbox 557 2378 672 2429; x_wconf 86' lang='lat' dir='ltr'>mihi</span> <span class='ocrx_word' id='word_1_211' title='bbox 707 2377 954 2442; x_wconf 85' lang='lat' dir='ltr'>reputanti</span> <span class='ocrx_word' id='word_1_212' title='bbox 990 2374 1217 2426; x_wconf 87' lang='lat' dir='ltr'>veniebat</span> <span class='ocrx_word' id='word_1_213' title='bbox 1250 2371 1296 2418; x_wconf 90' lang='lat' dir='ltr'>in</span> <span class='ocrx_word' id='word_1_214' title='bbox 1317 2386 1450 2424; x_wconf 72' lang='lat' dir='ltr'>men.</span> 
     </span>
     <span class='ocr_line' id='line_1_34' title="bbox 1279 2449 1383 2485; baseline -0.019 0"><span class='ocrx_word' id='word_1_215' title='bbox 1279 2449 1383 2485; x_wconf 89' lang='lat' dir='ltr'>tem</span> 
     </span>
    </p>
   </div>
  </div>
 </body>
</html>
