1803 3076
278 271 766 331 EPISTULARUM
786 304 798 317 .
834 269 938 319 Lib.
953 273 1047 318 111.
1065 272 1149 337 Ep.
1172 275 1222 321 V.
1336 291 1393 344 35

83 375 286 425 Malacae
337 371 512 428 urbis,
573 368 654 416 ubi
691 366 934 416 domicilia
985 369 1040 419 &
1096 365 1305 415 familias
1378 370 1459 415 ha·

77 443 220 497 benc.
256 441 414 486 Causa
433 436 523 483 illis
561 433 653 481 fuit
692 433 845 480 isthuc
883 433 1176 497 navigandi3
1214 448 1325 481 cura
1378 448 1460 480 ex-

75 504 270 554 011vend1
320 518 368 550 se
421 499 563 548 certis
622 497 792 550 officiis
845 497 1188 562 obsequiisque
1241 499 1302 545 ad
1354 513 1458 560 quae

67 568 523 632 adstringebantur.
568 563 851 612 Narrabunt
903 564 1010 611 Tibi
1047 563 1198 611 multa
1234 563 1292 611 de
1347 564 1458 610 Ma·

65 634 174 682 laea
222 634 426 680 civitate
464 664 476 691 5
514 630 573 678 de
622 628 864 677 laboribus
915 630 964 676 in
1017 627 1077 677 ea
1130 641 1407 676 nostrorum
1450 660 1465 687 3

64 700 121 750 ὅτ
169 697 328 746 fructu
367 696 448 761 qui
484 711 543 744 ex
580 694 632 742 iis
668 692 928 756 provenit,
968 709 1072 758 quae
1120 693 1304 741 habent
1350 708 1456 754 per-

69 763 368 828 spectissima
414 794 425 821 ,
468 762 640 821 utpote
708 764 1005 806 cunctorum
1033 769 1182 806 testes
1219 756 1408 806 oculati
1443 791 1455 803 .

133 844 173 877 2.
219 832 393 875 Ferunt
429 827 578 872 etiam
616 824 778 872 literas
814 824 960 870 Patris
1000 824 1233 871 Francisci
1273 826 1447 879 Perez,

62 896 235 957 quibus
273 905 390 953 puto
427 890 587 948 illum,
624 901 691 936 uti
731 903 778 935 se
815 886 1054 936 facturum
1090 902 1303 950 recepit,
1336 889 1451 947 fuse,

62 960 316 1016 distincte,
342 971 398 1003 ac
435 954 654 1002 minutim
693 951 934 1014 explicare
970 968 1066 1016 quo
1102 968 1322 1001 successu
1347 949 1450 999 fun-

63 1027 250 1072 ctiones
291 1021 503 1069 instituti
540 1018 686 1066 nostri
742 1021 943 1077 propriae
980 1017 1077 1065 illic
1114 1030 1450 1075 exerceantur,

65 1104 154 1136 nec
191 1088 424 1134 tacebunt
459 1084 518 1131 de
555 1082 724 1130 §inicis
740 1082 1087 1145 Japonicisque
1121 1084 1289 1131 rebus:
1325 1084 1369 1128 in
1393 1083 1452 1131 ei

65 1168 193 1201 enim
229 1154 346 1198 ur'ne
383 1150 459 1195 diu
496 1146 722 1205 fuerunt,
778 1162 880 1209 quae
918 1148 1224 1196 commerciis
1261 1147 1451 1194 illarum

59 1231 291 1265 terrarum
345 1215 400 1264 <Sc
434 1214 655 1277 gentium
691 1225 970 1273 opportuna
1009 1244 1019 1269 ‚
1076 1213 1259 1274 optime
1295 1213 1454 1259 omni-

57 1298 135 1330 um
175 1280 312 1329 novit
347 1284 459 1341 quid
487 1279 539 1325 in
576 1277 628 1323 iis
666 1288 864 1341 geratur
888 1311 900 1322 .
937 1275 1109 1323 Mirari
1144 1292 1193 1323 se
1246 1279 1449 1324 multum

56 1347 195 1405 aiunt
232 1346 374 1393 amici
411 1359 499 1391 me·
539 1359 595 1390 ac
632 1338 897 1388 familiares
951 1357 1152 1400 omneS‚
1191 1343 1322 1404 quod
1362 1357 1448 1388 na-

59 1412 295 1478 vigationi
340 1423 438 1458 tam
475 1407 755 1473 longinquae
805 1419 1003 1469 tamque
1054 1406 1338 1469 periculosae
1375 1421 1452 1454 me

56 1474 508 1525 committam.Sed
547 1474 692 1520 miror
728 1473 832 1536 Ego
871 1473 1021 1537 magis
1058 1473 1300 1519 modicam
1336 1469 1448 1518 illo-

57 1558 160 1590 rum
198 1542 339 1589 fidem
364 1577 375 1588 .
412 1539 578 1589 Habet
612 1536 657 1584 in
696 1552 837 1584 manu
873 1552 931 1584 ac
967 1536 1155 1586 ditione
1196 1537 1278 1585 sua
1315 1537 1448 1584 Deus

59 1622 225 1655 noster
271 1616 587 1668 tempestates
641 1604 840 1649 marium
896 1601 1044 1648 Sinici
1099 1602 1154 1652 &
1187 1600 1450 1664 Japonici‚

63 1672 232 1735 quibus
271 1672 663 1719 vehemtntiores
697 1679 883 1731 negant
918 1666 1098 1729 uspiam
1134 1666 1253 1714 ullas
1274 1669 1449 1714 existe-

55 1753 132 1785 re.
170 1737 377 1785 Subsunt
411 1734 624 1789 eiusdem
662 1744 896 1793 potestati
933 1732 1065 1780 venti
1105 1747 1304 1791 omnes,
1340 1747 1448 1779 sco-

59 1801 187 1865 puli,
236 1814 391 1863 syrtes
441 1816 498 1848 ac
535 1799 728 1854 brevia,
767 1814 869 1860 quae
906 1797 1149 1859 plurima,
1187 1795 1450 1844 insidiosis-

61 1867 380 1930 simaque,ac
418 1863 618 1925 infamia
655 1861 916 1927 naufragiis
953 1862 1015 1909 ibi
1053 1860 1274 1911 feruntur
1309 1876 1448 1909 esse.

60 1932 272 1994 Imperio
308 1931 433 1978 idem
471 1946 556 1977 suo
593 1930 816 1977 continet
852 1928 1033 1989 piratas
1068 1943 1235 1976 omnes
1272 1960 1282 1984 ‚
1321 1943 1445 1990 quo-

58 2013 159 2044 rum
196 1996 292 2044 illic
328 1996 566 2044 infinitum
603 2009 851 2041 numerum
904 1990 1169 2055 praedicant
1204 2026 1216 2052 ,
1253 2007 1446 2039 eorum-

59 2062 262 2125 demque
299 2061 782 2116 immanissimorum,
822 2073 999 2121 quique
1035 2056 1229 2106 soleant
1274 2056 1446 2119 exqui-

59 2125 158 2173 sitis
195 2141 400 2174 enecare
434 2124 726 2173 cruciatibus
763 2139 881 2186 quos
916 2124 1144 2183 capiunt,
1180 2121 1446 2185 praesertim

62 2192 348 2238 Lusitanos.
372 2194 497 2240 Cum
536 2190 680 2256 igitur
718 2190 851 2236 Deus
879 2189 1116 2236 Dominus
1155 2199 1320 2234 noster
1355 2186 1444 2247 sub

59 2255 141 2303 sua
178 2256 364 2304 ditione
400 2269 567 2304 teneat
605 2256 706 2301 haec
752 2252 956 2311 omnia,
1011 2256 1037 2301 a
1077 2251 1213 2299 nullo
1268 2265 1444 2300 eorum

60 2328 318 2382 quidquam
354 2321 535 2368 timeo.
572 2321 734 2367 Deum
771 2318 923 2379 ipsum
959 2329 1128 2365 metuo
1165 2312 1440 2376 solum-‚ne

59 2385 123 2433 ob
158 2400 316 2433 meam
349 2385 400 2434 in
434 2384 533 2444 eius
567 2383 803 2447 obsequio
841 2381 1200 2449 negligentiam
1231 2412 1244 2442 ,
1279 2380 1436 2444 quod-

709 2449 752 2496 C
788 2463 817 2497 2.
1281 2461 1376 2511 que
