1803 3076
234 278 715 336 EPISTOLARUM
732 312 743 324 .
764 277 866 325 Lib.
885 279 978 326 ΙΙΙ.
995 278 1080 341 Ep.
1100 278 1267 328 XXII.
1363 295 1451 331 211

143 378 315 428 §tituto
353 390 576 438 tempore
614 389 733 437 quos
770 374 963 422 advoco
999 373 1245 434 Patribus,
1283 373 1398 423 nihil
1435 377 1525 424 tibi

144 446 204 492 ad
240 458 469 490 summam
507 439 811 504 diligentiam
848 439 1019 501 reliqui
1055 437 1203 487 facias
1235 474 1245 486 .
1283 441 1329 486 Si
1365 443 1524 489 cons'i-

143 508 215 555 liis
255 507 424 555 nostris
466 508 599 555 Deus
641 501 861 563 faverit,
900 507 955 555 &
1008 503 1197 552 iabores
1247 503 1524 567 adiuverit,

140 571 391 631 accipietis
427 570 690 634 aiiquando
727 569 753 616 Ξι
791 567 1052 616 meliteras
1073 580 1188 616 ante
1208 584 1391 616 annum
1419 589 1524 620 ver-

135 648 320 684 tentem
362 637 543 683 Meaco
581 633 806 695 scriptas.
846 634 1083 682 Dominus
1121 647 1287 681 noster
1308 636 1526 684 cumulet

134 717 222 747 vos
259 702 397 748 tan-a
433 704 510 747 hic
561 699 744 764 gratia,
784 698 922 746 tami
972 699 1016 745 in
1067 699 1288 751 Paradiso
1337 699 1519 763 gloria,

138 780 370 828 quamam
411 766 509 825 ipse
547 764 662 810 mini
697 763 1198 829 cupio.Cangoxima
1234 764 1390 811 Nonis
1414 768 1521 815 No-

134 831 341 878 vembris
382 833 471 877 An.
507 830 882 881 CIDIDXLIX.

206 910 272 960 ²3·
314 895 641 955 Superioribus
676 899 703 942 a
759 907 834 939 me
885 891 1106 950 dictatis,
1163 893 1262 940 haec
1298 893 1519 943 adscribo

135 975 279 1007 manu
320 958 540 1020 propria.
577 961 664 1005 Per
703 957 905 1005 Domini
947 959 1041 1005 Dei
1100 958 1250 1005 nostri
1287 973 1518 1021 amorem,

136 1026 343 1071 obsecro
382 1035 462 1080 te,
500 1025 558 1068 da
595 1022 816 1069 sedulam
855 1037 1053 1082 operam
1078 1054 1088 1080 ,
1111 1034 1165 1069 ut
1187 1034 1235 1069 te
1272 1039 1436 1072 omnes
1459 1042 1516 1074 ac

130 1088 302 1152 singuli
340 1100 514 1136 nostiae
555 1087 815 1134 societatis
853 1084 1023 1134 fratres
1057 1100 1224 1136 ament
1245 1087 1519 1146 plurimum.

131 1154 183 1200 Iu'
222 1151 554 1214 consequeris,
576 1164 837 1213 praesentes
875 1150 1011 1198 bonis
1050 1152 1203 1198 verbis
1225 1152 1280 1202 &
1303 1153 1517 1216 benignis

131 1215 329 1275 officiis,
367 1218 587 1263 absentes
625 1215 801 1263 crebris
839 1215 895 1265 &
928 1216 1228 1277 perhumanis
1259 1220 1518 1268 consolans

130 1281 307 1330 literis.
332 1282 631 1346 Magnopere
668 1293 717 1328 te
753 1278 898 1326 velim
937 1293 1112 1327 statum
1153 1281 1329 1329 habere
1352 1283 1515 1333 locum

130 1362 188 1393 ac
226 1360 443 1407 tempus,
468 1362 563 1408 quo
603 1344 876 1394 doctrinam
922 1345 1249 1396 Christianam
1285 1349 1517 1399 continue:

132 1412 321 1459 rudibus
358 1411 599 1475 explice8‚
625 1426 681 1458 ac
705 1425 928 1473 cuperem
953 1410 996 1456 id
1030 1413 1059 1458 a
1097 1425 1144 1458 te
1182 1409 1284 1458 fieri
1321 1411 1367 1461 in
1392 1425 1514 1460 tem-

130 1476 213 1537 plo
249 1474 520 1541 Eniscopali
547 1494 559 1535 ;
583 1474 857 1540 ibidemque
882 1486 1118 1536 praeterea
1159 1474 1433 1524 Dominicis
1456 1494 1514 1526 ac

131 1540 263 1589 festis
302 1541 494 1602 diebuS‚
533 1555 673 1588 mane
711 1553 759 1589 te
799 1539 957 1588 dicere
1000 1540 1059 1586 ad
1097 1541 1331 1603 populum
1372 1544 1397 1590 ὲ
1437 1558 1510 1590 sa-

131 1621 216 1653 cro
252 1605 462 1668 pulpito,
501 1618 612 1662 post
646 1605 892 1653 meridiem
928 1605 988 1652 ad
1025 1605 1263 1667 mancipia
1302 1606 1358 1656 &
1392 1624 1510 1669 pue-

128 1687 204 1719 ros
242 1671 655 1729 Christianorum,
708 1669 938 1718 articulos
978 1670 1103 1718 Fidei
1142 1669 1386 1719 declarare
1424 1671 1515 1720 lin-

129 1736 223 1800 gua
260 1735 366 1798 ipsis
404 1735 552 1795 nota,
591 1749 736 1799 prout
773 1750 866 1798 ego
922 1733 1160 1783 faciebam
1207 1751 1313 1791 cum
1368 1737 1510 1785 isthic

127 1816 302 1848 essem.
339 1802 399 1848 Et
435 1802 557 1861 hoc,
597 1815 650 1848 ut
687 1798 915 1860 exemplo
952 1798 1009 1846 sis
1046 1799 1149 1846 aliis
1184 1837 1196 1849 .
1239 1800 1509 1849 Vehemen-

126 1877 201 1912 ter
236 1881 322 1912 oro
359 1879 436 1921 te,
475 1879 529 1913 ut
565 1867 621 1913 ad
659 1881 734 1914 me
771 1865 1047 1912 minutatim
1085 1864 1260 1912 scribas
1297 1865 1357 1913 de
1407 1880 1506 1915 sta·

128 1940 180 1979 tu
218 1930 437 1978 interiori
474 1931 542 1978 tui
581 1930 761 1977 animi.
799 1927 900 1978 Scis
938 1943 1174 1993 quantum
1210 1931 1503 1994 gauderem,

127 1995 162 2040 si
200 2009 495 2058 cognoscere
532 2011 607 2044 me
647 1995 738 2042 isto
760 1993 942 2041 indicio
966 1997 1403 2059 contingeret-quae
1421 2012 1507 2043 an-

130 2059 204 2106 xie
240 2074 295 2105 ac
330 2075 437 2106 cum
473 2060 568 2106 acri
607 2059 911 2107 solicitudine
948 2059 1091 2121 cupio
1143 2062 1201 2107 de
1253 2076 1503 2125 progressu

126 2124 185 2169 ad
222 2121 571 2182 perfectionem
608 2138 692 2171 tuo
716 2129 727 2172 .'
752 2124 1056 2171 Intermulta
1094 2141 1196 2188 quae
1235 2124 1346 2171 mihi
1383 2141 1507 2171 nun-

129 2188 236 2235 tiari
273 2186 512 2237 laetissima
550 2200 776 2248 possent,
800 2188 915 2236 iilud
949 2188 1024 2235 vel
1059 2187 1106 2235 in
1143 2189 1302 2251 primis
1338 2205 1506 2238 nume-

127 2267 359 2310 raverirn,
398 2253 432 2299 si
467 2255 726 2301 multorum
763 2254 1080 2301 concordibus
1116 2253 1408 2301 testimoniis
1435 2253 1506 2301 di-

122 2331 330 2374 scerem,
371 2316 580 2379 impense
635 2319 783 2364 amari
832 2331 880 2366 te
928 2322 956 2365 a
993 2317 1178 2364 cunctis
1234 2318 1497 2366 Societatis

125 2394 302 2435 nostrae
339 2381 608 2443 fratribus,
645 2382 743 2432 sive
781 2384 860 2443 qui
897 2395 1058 2432 tecum
1096 2382 1180 2429 sub
1215 2383 1390 2431 eodem
1426 2394 1502 2433 te-

775 2449 822 2495 O
858 2462 887 2498 2
1349 2460 1433 2495 cto
