1803 3076
353 289 444 342 152
586 256 658 323 'st
692 273 1060 324 FRANCISCI
1096 275 1383 325 XAVERH

284 382 378 435 ptae
414 386 550 418 sacro
588 384 718 417 anno
759 372 830 418 M.
867 373 931 420 D.
969 372 1242 420 XLIXAEt
1265 367 1492 432 quoniam
1529 370 1676 420 alium

282 450 481 499 portum
533 451 709 495 capere
761 451 857 482 non
914 436 1085 495 licuit,
1135 435 1519 499 Cangoximam,
1570 454 1678 501 quae

283 500 419 549 Pauli
468 503 510 548 S,
567 500 693 547 Fidei
746 499 901 560 patria.
951 513 1056 557 est,
1093 499 1443 561 applicuimus;
1478 500 1538 547 ibi
1574 513 1677 550 turn

284 568 312 615 ὲ.
348 565 480 613 Pauli
517 562 735 630 cognatis
771 576 924 627 atque
956 563 1210 623 affinibus,
1240 577 1341 611 tum
1359 566 1508 612 etiam
1543 571 1570 614 a
1597 583 1678 615 ce-

283 630 397 681 teris
435 629 689 689 oppidanis
727 629 1027 692 perbenigne
1065 629 1262 689 ex:epti
1292 645 1480 677 sumus.

355 712 429 753 12.
470 698 546 742 De
581 693 794 757 Japonia
827 694 1004 755 (quod
1042 711 1125 741 usu
1163 695 1345 757 assequi
1375 694 1618 755 potuimus
1652 697 1681 761 ).

280 776 343 808 ea
378 760 561 807 advos
619 758 988 820 perscribemus,
1028 774 1131 821 quae
1185 758 1273 818 ipsi
1324 760 1675 823 cognovimus.

284 824 490 873 Primum
519 837 636 887 genS
673 838 757 877 ea,
796 838 887 886 qua
923 839 1032 869 cum
1071 822 1247 869 versati
1283 838 1439 870 sumus
1469 856 1479 881 ,
1519 826 1680 874 natio-

286 904 369 937 nes
406 903 574 934 omnes
610 903 762 950 nuper
797 888 1020 936 inventas
1056 887 1305 950 probitate
1342 899 1534 950 praestat
1565 908 1585 948 ;
1623 901 1679 938 ut

286 953 602 1000 barbarorum
638 952 920 1007 nationem,
959 970 1062 1015 quae
1096 954 1315 1015 Japones
1369 966 1552 1000 naturae
1588 953 1676 1000 bo-

289 1017 447 1066 nitate
485 1016 687 1077 vincat,
727 1018 904 1066 nullam
942 1033 1042 1065 esse
1079 1016 1281 1064 omnino
1318 1031 1511 1080 putem.
1546 1018 1680 1066 Faci-

287 1082 322 1131 li
356 1083 641 1145 estingenio
662 1116 671 1141 ,
694 1095 744 1132 et
761 1083 955 1133 minime
984 1081 1322 1141 fraudulento,
1376 1082 1569 1130 honoris
1622 1098 1682 1131 ac

290 1147 544 1214 dignitatis
581 1148 748 1196 mirum
785 1149 830 1196 in
869 1149 1062 1195 modum
1096 1146 1269 1196 avida:
1307 1146 1485 1210 quippe
1521 1148 1679 1196 hono·

293 1228 397 1261 rem
434 1213 573 1262 rebus
610 1214 830 1261 omnibus
869 1212 1144 1274 anteponit.
1168 1214 1347 1260 Eorum
1370 1212 1560 1274 quidem
1577 1212 1680 1273 ple·

293 1278 428 1342 rique
463 1290 574 1327 sunt
610 1294 876 1341 pauperes;
907 1279 989 1326 sed
1027 1289 1285 1339 paupertas
1322 1276 1501 1324 nemini
1540 1277 1687 1325 dede-

291 1343 397 1392 cori
433 1356 508 1392 est
534 1381 544 1391 .
576 1344 739 1392 Unum
776 1356 942 1391 autem
981 1354 1054 1390 est
1089 1343 1216 1403 apud
1253 1356 1362 1399 (ἓως,
1388 1341 1518 1403 quod
1555 1340 1683 1389 haud

287 1408 421 1467 scio,
460 1426 520 1456 an
558 1423 760 1471 usquam
797 1408 923 1470 apud
961 1407 1268 1457 Christianos
1304 1404 1586 1455 factitetur.

357 1489 428 1540 13.
466 1473 727 1523 Nobilibu5
762 1474 982 1537 quamvis
1019 1472 1270 1537 egentibue
1308 1486 1405 1518 non
1426 1470 1582 1519 minor
1602 1472 1684 1518 ha-

286 1539 427 1587 betur
461 1542 489 1587 a
525 1541 704 1587 ceteris
742 1540 925 1597 honor,
964 1540 1107 1601 quam
1141 1537 1178 1584 si
1214 1548 1374 1584 essent
1422 1536 1684 1596 opulenti:

286 1618 445 1665 neque
481 1603 655 1652 nobilis
692 1603 940 1668 quisquam
961 1635 971 1659 ‚
996 1601 1213 1665 quamvis
1233 1602 1488 1662 pauper&
1519 1616 1683 1665 egens,

286 1669 386 1718 ulla
421 1667 710 1717 conditione
749 1669 1102 1717 adducitunut
1138 1682 1245 1713 cum
1284 1664 1479 1727 plebeio
1518 1665 1593 1714 vel
1611 1667 1683 1713 di-

285 1734 473 1782 tissimo
509 1731 680 1798 iungat
714 1733 1010 1780 connubium
1033 1767 1045 1778 .
1069 1732 1219 1797 Qod
1239 1734 1300 1778 eo
1335 1728 1545 1787 faciunt,
1571 1730 1682 1792 quia

291 1798 633 1846 descendendo
688 1797 749 1845 ad
798 1795 1103 1859 plebeiorum
1159 1794 1480 1852 affinitatem,
1520 1796 1685 1843 existi-

289 1874 426 1911 mant
459 1879 508 1911 se
547 1862 752 1910 multum
801 1861 1047 1926 dignitatis
1101 1873 1248 1925 atque
1302 1859 1679 1908 existimationis

291 1928 593 1986 deperdet&
630 1929 757 1976 adeo
792 1944 885 1989 prae
923 1927 1165 1991 dignitate
1218 1924 1409 1972 divitias
1463 1939 1686 1973 contem-

289 2004 441 2040 nunt.
477 1992 629 2041 Iidem
665 2005 779 2040 sunt
815 1992 940 2040 inter
975 2008 1024 2040 se
1061 1988 1385 2055 perofficiosi:
1425 1989 1566 2036 armis
1600 1989 1686 2037 mi-

291 2058 422 2106 rifice
459 2057 791 2116 delectantur,
818 2056 863 2104 in
899 2056 1052 2121 iisque
1089 2056 1342 2118 plurimum
1375 2053 1576 2116 praesidii
1598 2071 1685 2115 po·

293 2125 653 2171 nunt.Omnes
689 2123 858 2170 summi
893 2123 1027 2185 aeque
1063 2119 1312 2184 infimique
1347 2135 1434 2166 suo
1481 2119 1688 2182 quisque

290 2186 454 2253 gladio
475 2203 531 2235 ac
549 2187 760 2253 pugione
781 2187 981 2235 succinti
1003 2187 1264 2245 prodeunt,
1286 2184 1434 2234 etiam
1451 2184 1585 2245 pueri
1601 2199 1687 2231 an-

291 2267 465 2300 norum
501 2252 881 2316 quaterdemim.
921 2251 1122 2299 Nullum
1145 2266 1302 2314 neque
1340 2247 1561 2308 factum,
1599 2263 1685 2296 ne-

293 2333 388 2383 que
439 2316 623 2366 dictum
661 2317 1069 2366 contumeliosum
1107 2314 1233 2364 ferre
1269 2314 1464 2362 solent.

360 2398 435 2456 Εὖ·
471 2386 633 2450 Atque
669 2386 723 2440 sit
759 2381 936 2447 plebeii
974 2397 1202 2448 magnum
1241 2381 1480 2429 honorem
1498 2376 1681 2427 habent

1523 2456 1609 2488 no-
