1803 3076
143 294 659 347 EPISTOLARUM.
689 294 890 343 Lib.1V.
906 297 992 362 Ep.
1026 298 1168 347 xxi.
1241 313 1338 366 359

35 391 151 440 mini
203 404 378 438 sortem
428 404 591 436 eorum
643 388 723 449 qui
774 391 955 438 temere
1010 403 1182 452 ruunt,
1232 404 1408 440 contra

37 461 176 517 quam
213 454 279 502 sas
316 456 368 505 ἃ
406 469 592 516 aequum
629 451 819 511 fuerat,
856 468 1090 518 agentes:
1146 472 1265 520 quos
1313 459 1407 505 uti·

35 537 126 584 que
162 521 302 566 serius
339 520 487 579 ocyus
525 518 705 564 Divina
740 517 861 565 ultio
898 519 1110 582 excipiet
1143 554 1154 580 ,
1192 523 1406 582 asperior:

32 584 189 634 multo
227 597 537 642 severiorque
574 585 714 645 quam
752 599 836 629 vos
873 597 958 631 aut
995 585 1080 645 ipsi
1135 586 1410 648 suspicemi-

33 650 111 695 ni.
149 651 312 712 Qare
350 649 533 694 assidue
573 662 732 706 preces
766 650 891 707 apud
944 650 1102 696 Deum
1154 667 1238 712 pro
1297 649 1407 714 ipsis·

31 712 256 771 fundite,
292 712 610 759 condolentes
647 711 910 760 infirmitati
965 715 1019 764 δι
1073 715 1408 776 imprudentiae

31 777 259 836 illorum3
298 776 656 841 diligentissime
690 790 850 824 autem
888 791 1154 836 caventes,
1197 796 1256 827 ne
1307 779 1408 828 ulla.

34 842 83 888 in
121 857 170 889 re
208 840 362 887 dolori
401 853 560 888 vestro
597 840 889 906 indulgeatis
928 876 940 902 ‚
980 843 1194 892 vindicta
1244 846 1302 892 de
1353 843 1407 890 iis

33 906 370 969 qualicumque
405 906 726 966 praesumenda
761 940 769 963 ,
803 907 880 954 vel
919 907 1409 971 cogitationibus,&

34 972 162 1018 votis
199 970 335 1018 taciti
390 970 491 1016 dira
531 969 642 1029 ipsis
682 969 1074 1032 increpantibus,
1113 971 1188 1032 vel
1210 977 1404 1026 sermo-

31 1052 89 1083 ne
142 1050 197 1082 ac
253 1033 404 1083 verbis
472 1036 599 1095 apud
660 1034 830 1083 obvios
885 1034 1247 1085 traducentibus
1314 1036 1405 1085 ini-

31 1099 264 1161 quitatem
304 1114 469 1146 corum
493 1136 505 1157 ‚
547 1098 701 1146 multo
739 1112 902 1147 autem
939 1101 1091 1149 minus
1128 1099 1266 1150 factis
1302 1119 1408 1166 quae

31 1163 139 1226 ipsis
179 1162 383 1211 vicissim
421 1179 473 1209 nt
490 1176 668 1210 ceant.

101 1246 170 1277 12.
211 1224 495 1283 Huiusmodi
534 1226 699 1275 omnia
753 1244 855 1291 quae
911 1244 1026 1278 caro
1078 1230 1130 1282 &
1186 1232 1408 1295 sanguis,

31 1294 124 1341 hoc
161 1304 232 1340 est
268 1304 505 1352 corruptae
528 1305 708 1340 naturae
731 1293 969 1354 pravitas,
991 1292 1284 1355 imperfectis
1303 1311 1411 1360 sug-

33 1357 190 1430 gerit,
229 1356 490 1419 gravissimi
529 1356 763 1417 periculi,
811 1359 971 1406 damni
1023 1359 1220 1407 maximi
1272 1361 1410 1409 vobis

32 1429 166 1477 tore,
206 1420 288 1468 nisi
328 1418 582 1482 rejiciatis,
620 1435 876 1483 putatote.
918 1423 1159 1487 Planeque
1209 1424 1253 1471 id
1302 1441 1413 1473 cer-

32 1501 135 1535 tum
171 1485 290 1533 citra
340 1485 485 1532 ullam
537 1486 894 1536 dubitationem
940 1489 1155 1536 habeatis
1191 1505 1203 1536 :
1244 1492 1408 1538 Deum

34 1550 257 1615 plurimas
292 1550 469 1613 gratias
507 1552 561 1602 δε
596 1551 798 1616 insignia
835 1552 1066 1601 beneficia
1109 1553 1239 1618 large
1290 1570 1411 1603 con·

35 1615 159 1664 ferre
195 1613 387 1663 solitum
425 1615 506 1674 iis,
544 1615 622 1678 qui
658 1632 828 1680 graves
864 1618 1251 1681 impugnationes
1301 1620 1408 1668 sine

34 1680 230 1730 ultionis
265 1679 501 1727 desiderio
538 1682 780 1741 patienter
816 1682 912 1739 ejus
950 1683 1091 1730 causa
1128 1681 1414 1746 perferunt;

35 1761 229 1794 omnem
266 1745 498 1806 impetum
537 1747 826 1805 reponendae
862 1746 1264 1806 injuriae,divinae
1300 1749 1416 1796 cha-

35 1808 193 1859 ritatis
230 1809 472 1857 suavitate
508 1811 862 1871 opprimentes.
916 1814 1048 1858 Tunc
1103 1813 1228 1861 enirn
1277 1812 1416 1876 quasi

40 1874 241 1937 obligari
277 1889 325 1921 se
361 1873 821 1923 misericordissimus
860 1877 1098 1925 Dominus
1153 1878 1301 1925 sentit
1351 1877 1416 1926 ad

39 1940 227 1987 abunde
262 1942 673 2000 compensandum
711 1943 839 2004 quod
876 1940 1045 1999 injuste
1082 1940 1413 2000 aufertur-3&

33 2007 180 2052 tanto
214 2001 317 2062 plus
351 2005 593 2052 ornandos
629 2021 686 2052 ac
739 2005 873 2053 benis
927 2005 1239 2056 cumulandos
1292 2021 1414 2064 quos

35 2067 274 2116 calumnia
311 2063 578 2125 deformat,
617 2069 850 2117 violentia
884 2070 1062 2130 spoliat
1084 2090 1098 2121 .·
1121 2087 1209 2119 nec
1244 2083 1415 2120 tamen

37 2136 92 2180 de
128 2136 252 2181 statu
291 2132 413 2180 mitis
449 2149 505 2180 ac
540 2134 807 2196 tranquilla:
844 2135 1014 2183 mentis
1036 2135 1309 2200 indignatio
1333 2136 1416 2185 de-

38 2197 226 2254 turbat3
264 2201 449 2258 quanto
486 2197 704 2247 licentius
741 2197 1034 2248 infestantur
1065 2234 1077 2247 .
1126 2200 1242 2262 Ipsis
1296 2216 1419 2263 quo-

41 2278 133 2320 que
169 2260 348 2316 iniuriae
385 2261 631 2309 autoribus
669 2263 747 2326 qui
784 2264 923 2311 vobis
976 2265 1138 2327 inique
1191 2265 1418 2325 obstant,

42 2325 207 2386 &pia
244 2339 407 2387 coepta
443 2327 739 2385 disturbant,
763 2328 1068 2388 peculiariter
1103 2329 1296 2378 curabit
1331 2345 1420 2378 suo

44 2403 265 2454 tempore
318 2390 534 2440 meritam
590 2392 903 2453 ignominiam
952 2396 1219 2458 rependere
1264 2411 1276 2442 ε
1315 2410 1424 2459 quae

595 2459 636 2506 Z
671 2477 703 2525 4
1255 2475 1358 2508 om-
