1803 3076
383 299 451 355 60
614 297 666 348 S.
697 295 1064 348 FRANCISCI
1117 294 1406 345 XAVERII

321 394 508 461 poteris
545 392 603 441 ad
637 392 876 441 sanandos
913 392 1063 454 prope
1100 390 1368 455 desperatae
1421 386 1711 454 perversita-

323 463 384 511 tis
420 472 737 524 peccatoreS,
776 458 857 521 qui
892 468 1076 521 negant
1110 457 1348 520 imperare
1383 472 1433 504 se
1479 455 1565 503 sibi
1602 470 1712 516 pos—

323 538 468 586 se‚ut
501 535 587 572 aut
623 524 909 571 occasiones
944 521 1241 586 flagitiorum
1274 526 1303 572 a
1338 538 1387 569 se
1425 531 1711 579 amoveant,

326 603 415 640 aut
451 606 548 638 rem
585 587 796 637 alienam
833 602 977 649 quam
1014 587 1140 635 mala
1179 588 1271 636 fide
1307 586 1555 639 detinent,
1580 584 1720 632 resti-

330 668 502 714 tuant,
530 654 741 718 ideoque
778 653 1002 700 volentes
1039 652 1089 698 in
1125 652 1377 700 criminum
1415 648 1721 706 conscientia

328 722 636 787 persistunt,
688 730 884 766 exortes
938 716 1313 764 sacramentalis
1365 711 1716 773 absolutionis,

329 787 426 850 qua
461 800 509 831 se
545 782 720 831 merito
754 779 929 844 privari
981 796 1080 827 non
1135 784 1396 845 ignorant:
1438 783 1493 833 &
1546 794 1715 829 tamen

328 865 532 915 propter
565 845 818 894 infamiam
853 844 1113 905 spontanei
1149 843 1395 904 cujusdam
1432 847 1718 894 anathema-

329 915 414 972 tis,
451 930 546 977 quo
583 927 632 959 se
670 928 778 958 cum
817 910 1007 971 publica
1044 908 1315 964 offensione
1363 910 1578 960 irretitos
1632 925 1720 957 no-

330 977 711 1036 runt25entiunt
745 977 960 1040 quaedam
994 977 1239 1023 interdum
1275 991 1367 1024 sur-e
1387 976 1596 1038 ipsorum
1633 986 1719 1023 tae-

335 1045 418 1092 dio
457 1041 719 1105 nequitiae,
758 1056 848 1088 nec
883 1056 982 1088 non
1030 1040 1229 1102 periculi
1283 1054 1471 1089 aeternae
1527 1042 1723 1088 damna-

332 1108 496 1159 tionis.
516 1106 592 1154 cui
614 1105 866 1164 subjacent
887 1139 898 1165 ‚
921 1106 1159 1167 quosdam
1184 1105 1453 1154 identidem
1476 1107 1717 1154 horrores.

401 1189 475 1240 34.
516 1171 604 1221 His
642 1172 820 1220 blanda
855 1170 1589 1219 insinuationetibiconciliatis
1608 1186 1718 1235 sug·

334 1238 632 1306 gere-sis‚ut
666 1253 752 1299 pro
789 1235 872 1284 sua
906 1235 1164 1297 prudentia
1199 1252 1357 1284 secum
1395 1236 1479 1298 ipsi
1515 1236 1720 1301 exigant

335 1304 449 1368 quid
482 1301 657 1349 dicturi
711 1301 871 1350 amico
905 1300 1068 1349 farent
1103 1317 1211 1348 cum
1247 1302 1413 1348 iisdem
1463 1300 1723 1349 difficulta-

337 1371 465 1417 tibus
502 1366 736 1427 luctanti,
776 1380 830 1413 ut
864 1381 973 1414 eum
1008 1366 1068 1412 ad
1103 1368 1447 1430 emergentium
1485 1370 1510 1414 ὲ
1546 1366 1650 1413 luto
1668 1363 1725 1411 il-

333 1433 419 1492 10,
457 1433 512 1483 &
547 1430 717 1479 saltum
752 1431 778 1479 ὲ
817 1429 963 1479 fovea
1010 1430 1361 1492 expedit-ndum
1423 1430 1726 1479 excitarent.

338 1502 413 1548 Ac
449 1497 655 1545 comiter
689 1511 805 1560 roga
843 1509 895 1543 ut
918 1495 993 1543 vel
1016 1497 1377 1544 exercitationis
1399 1495 1591 1543 ludricae
1619 1511 1730 1561 gra·

337 1564 441 1620 tia,
479 1577 697 1610 sermone
737 1573 898 1608 tecum
936 1559 1191 1614 familiari,
1238 1572 1595 1627 megi-aventur
1640 1577 1726 1608 ex-

337 1627 483 1692 periri
519 1640 751 1690 quantum
787 1626 984 1691 ingenio
1035 1625 1236 1674 valeant
1287 1625 1334 1673 in
1382 1625 1726 1691 *excogitandis

340 1693 403 1740 ad
438 1692 560 1740 tales
596 1691 839 1739 suasiones
899 1692 1229 1757 argumentis.
1267 1691 1446 1739 Audita
1496 1691 1727 1754 probata-

340 1773 434 1822 que
471 1773 575 1820 quae
611 1756 818 1804 afferent
854 1756 901 1803 in
939 1756 1066 1819 ipsos
1111 1755 1323 1805 suaviter
1378 1769 1627 1818 retorque·
1663 1772 1719 1804 o-

342 1837 454 1871 rans
491 1838 578 1884 pro
616 1822 860 1881 amic³t1322
899 1834 952 1869 ut
988 1821 1144 1870 velint
1178 1820 1263 1868 sibi
1298 1837 1494 1886 quoque
1545 1820 1653 1885 ipsis
1688 1820 1725 1866 i-

341 1888 450 1935 dem
488 1885 702 1934 efficium
737 1899 983 1948 praestare‚
1022 1886 1191 1936 intime
1224 1886 1533 1936 admovendo
1564 1919 1575 1945 ‚
1614 1885 1719 1934 vul-

341 1951 631 2013 neribusque
668 1951 958 2014 applicando
995 1952 1195 2015 propriis
1232 1968 1346 2014 quas
1399 1951 1576 2000 morbis
1605 1951 1721 1998 arni·

344 2033 512 2065 corum
548 2017 844 2078 depellendis
881 2016 1089 2065 salubres
1125 2017 1383 2065 medicinas
1438 2027 1723 2065 autumant.

346 2082 585 2129 Miserans
619 2081 799 2129 animas
835 2098 950 2145 quas
984 2082 1042 2129 ad
1075 2098 1124 2131 se
1171 2081 1463 2130 laudandum
1499 2115 1510 2142 ,
1549 2081 1603 2133 δε
1655 2080 1723 2129 sic

343 2145 637 2196 felicitatem
706 2148 1053 2209 assequendam
1121 2149 1149 2195 a
1196 2163 1245 2195 se
1296 2148 1520 2195 conditas
1568 2179 1580 2205 ,
1639 2145 1722 2194 be·

346 2210 750 2260 neficentissimus
821 2214 955 2260 Deus
1021 2224 1187 2261 noster
1253 2227 1390 2261 ruere
1443 2212 1488 2258 in
1556 2210 1716 2272 perni-

348 2277 473 2325 ciem
524 2292 608 2339 per
659 2277 860 2338 abrupta
915 2276 1145 2325 vitiorum
1181 2277 1516 2335 cernit-‚hanc
1550 2275 1603 2322 iis
1637 2275 1720 2324 ad·

349 2340 471 2400 jecit
500 2357 593 2404 qua
626 2342 988 2390 retraherentur
1018 2341 1152 2406 quasi
1193 2358 1358 2391 ansam
1396 2341 1618 2404 propensi
1657 2339 1721 2388 ad

351 2405 562 2455 salutem
609 2405 820 2456 aliorum
872 2406 1065 2460 studii:
1120 2417 1174 2461 ut
1227 2406 1307 2474 qui
1354 2423 1518 2459 veram
1570 2406 1619 2452 in
1666 2419 1717 2454 se

1563 2471 1658 2535 pri-
