1803 3076
255 288 744 349 EPISTOLARUM.
779 287 988 335 Lib.1V.
1016 288 1102 350 Ep.
1121 290 1187 337 11.
1315 298 1406 350 251

105 391 359 454 praesertim
396 386 475 451 qui
511 402 559 436 se
595 386 654 433 ad
691 383 1071 434 Christianorum
1108 395 1353 428 numerum
1390 391 1478 444 ag-v

101 467 382 520 gregarent,
421 454 542 499 hanc
578 449 808 499 afferrent
841 461 1068 510 susceptae
1104 461 1240 494 novae
1275 444 1476 507 religio-'

105 522 175 566 nis
211 533 422 570 causam,
460 518 587 580 quod
640 513 1087 562 animadvertissent
1139 510 1320 557 avitam
1368 505 1477 554 reli-

99 586 291 648 gionem
328 586 355 630 a
393 581 583 629 Bmziis
621 580 856 646 magistris
906 577 1278 642 haudquaquam
1334 585 1475 635 posse

100 646 317 695 defendi.
360 645 490 693 Nihil
537 644 737 693 omnino
773 645 1022 708 Japonicae
1068 638 1328 702 disciplinae
1374 648 1474 684 tra-

98 713 218 758 dunt
254 711 313 760 de
349 710 538 768 mundi,
577 709 716 769 solis,
752 702 1344 766 lunae,stellarum,coeli‚
1379 713 1475 749 ter-

98 781 252 842 rarum
272 810 283 834 ,
306 776 446 824 maris
466 807 476 831 ,
493 786 866 837 caeteraeumque
880 788 1032 821 rerum
1053 770 1306 819 molitione
1329 784 1343 815 .·
1363 768 1477 829 ,ὴεε

98 843 225 890 enim
250 843 410 888 omnia
430 841 624 888 aliunde
645 839 879 902 originem
901 836 1115 884 habuisse
1135 849 1231 881 non
1268 841 1445 892 putant
1463 863 1481 879 .

167 923 238 968 ι9.
280 908 580 955 Mirabantur
616 915 779 951 aurem
833 901 911 950 vel
961 900 1193 957 maxime,
1231 899 1339 945 cum
1392 908 1476 941 au-

96 971 296 1019 diebant
331 970 595 1017 animorum
636 983 778 1015 unum
817 982 918 1015 esse
953 978 1259 1015 communem
1318 957 1477 1008 Effec-

99 1047 255 1083 torem
292 1051 347 1082 ac
369 1045 646 1096 parentem,
679 1035 706 1078 a
727 1049 827 1096 quo
850 1032 946 1079 sint
969 1025 1239 1091 procreati.
1265 1025 1319 1073 ld
1347 1024 1474 1071 adeo

96 1115 353 1162 propterea
378 1097 783 1158 obstupescebant
801 1111 983 1153 omnes,
1004 1095 1131 1158 quod
1147 1107 1301 1140 rerum
1321 1086 1478 1136 omni-

97 1179 177 1211 urn
197 1162 475 1213 Conditoris
510 1163 554 1208 in
573 1176 738 1208 eorum
772 1160 1032 1221 disciplinis
1065 1157 1246 1205 nullam
1281 1153 1484 1201 omnino

97 1231 396 1276 mentionem
420 1226 520 1275 fieri
557 1237 806 1273 constaret
826 1260 838 1272 .
857 1225 1008 1289 Qod
1044 1224 1078 1269 si
1097 1235 1222 1270 esset
1241 1234 1388 1267 unum
1410 1231 1484 1265 re-

93 1309 195 1341 rum
232 1294 443 1340 omnium
478 1289 789 1353 principium,
830 1288 1054 1347 profecto
1090 1286 1225 1333 Sinas
1260 1316 1270 1341 ‚
1302 1286 1331 1331 a
1367 1280 1471 1345 qui-

96 1358 180 1405 bus
212 1356 297 1419 ipsi
334 1355 592 1421 religiones
627 1355 1009 1416 assumpsissent,
1032 1367 1130 1399 non
1158 1348 1298 1397 fuisse
1334 1347 1473 1410 igno-

92 1436 310 1471 raturOS.
346 1420 468 1469 Sinis
504 1421 679 1483 quippe
732 1423 904 1481 primas
956 1414 1207 1478 sapientiae
1255 1426 1313 1460 ac
1364 1425 1474 1471 pru-

93 1487 267 1535 dentiae
301 1488 516 1549 Japones
551 1483 772 1532 deferunt
806 1482 1023 1531 omnibus
1058 1480 1105 1528 in
1151 1478 1289 1526 rebus
1326 1508 1336 1533 ,
1376 1474 1478 1521 sive

95 1567 200 1614 quae
235 1551 295 1597 ad
330 1551 614 1615 religionem
649 1548 1051 1609 pertinent,sive
1085 1560 1187 1607 quae
1224 1542 1282 1593 ad
1317 1539 1473 1585 admi-

92 1616 424 1663 nistrationem
467 1614 759 1675 Reipublicae
789 1650 801 1663 ,
838 1616 1013 1674 Itaque
1065 1608 1218 1656 multa
1268 1607 1326 1653 de
1375 1604 1470 1652 hoc

93 1679 328 1744 principio
366 1680 804 1742 percontabantur,
826 1679 983 1724 utrum
1012 1676 1191 1721 bonum
1228 1679 1383 1727 esset,
1406 1684 1471 1716 an

90 1746 531 1793 malumtunumne
566 1744 789 1806 idemque
825 1741 1110 1804 principium
1149 1738 1386 1784 bonorum
1415 1735 1473 1785 ὃς

91 1811 325 1858 malorum
347 1845 358 1855 .
380 1809 838 1862 Rescondebamus,
865 1821 1011 1854 unum
1048 1819 1148 1851 esse
1185 1798 1472 1864 principium

94 1877 236 1938 idque
257 1877 432 1923 summe
469 1872 794 1930 bonum,sine
830 1871 969 1918 ullius
1007 1868 1121 1917 mali
1157 1865 1476 1914 admistione.

167 1956 242 1987 20.
279 1942 389 1986 Hoc
426 1938 517 1984 illis
542 1954 636 1986 non
658 1937 956 1998 probabatur
977 1953 988 1994 ;
1013 1934 1141 1996 quod
1161 1929 1380 1979 diabolos
1400 1944 1485 1975 na-

93 2003 203 2052 tura
239 2002 420 2059 malos,
458 2004 513 2054 δε
549 2001 740 2049 humani
774 2000 963 2066 generis
999 2000 1160 2047 hostes
1208 1997 1479 2044 ducerent:

97 2067 298 2129 proinde
332 2069 524 2125 Deum,
561 2065 598 2113 si
635 2067 785 2113 bonus
820 2078 969 2124 esset,
1008 2076 1308 2127 nequaquam
1345 2073 1477 2104 com-

95 2131 342 2179 missurum
378 2129 622 2188 fuisse,ut
656 2145 729 2178 res
763 2143 863 2178 tam
893 2128 1041 2178 malas
1076 2137 1378 2188 procrearet.
1402 2121 1477 2168 Ad

92 2196 193 2243 haec
228 2211 313 2242 nos
348 2194 700 2252 referebamus,
739 2194 960 2241 diabolos
997 2192 1191 2256 quidem
1243 2201 1473 2249 procrea-

90 2272 171 2308 tos
205 2261 232 2306 a
272 2261 381 2306 Deo
417 2259 598 2316 bonOS,
635 2259 718 2306 sed
752 2273 839 2306 suo
876 2258 996 2307 vitio
1033 2255 1192 2303 factos
1228 2268 1328 2300 esse
1375 2265 1475 2296 ma-

90 2323 350 2386 los‚atque
386 2325 448 2370 ob
485 2340 592 2372 eam
629 2338 822 2372 causam
847 2322 1145 2383 semp÷ternis
1178 2318 1330 2380 poenis
1363 2329 1475 2374 sup-

88 2386 339 2451 pliciisque
376 2389 576 2438 mactari
611 2423 624 2435 .
660 2388 781 2435 Tum
831 2385 901 2435 illi
953 2383 1165 2444 objicere
1195 2416 1207 2443 ,
1243 2376 1468 2496 prigecto

1359 2460 1405 2499 e·-
