1803 3076
190 317 697 372 EPISTOLARUM.
720 315 819 362 Lib.
839 317 931 363 ΙΙΙ.
949 315 1035 375 Ep.
1057 305 1242 361 XVIII.
1314 311 1403 377 165

84 413 214 462 mole
249 412 459 462 sentiunt
493 409 722 472 opprimi,
747 421 847 458 tum
873 412 990 457 vero
1006 422 1056 455 se
1086 404 1304 454 stultitiae
1340 407 1474 455 dam-'⁴-

86 491 256 525 nantes
294 492 410 523 onus
445 473 709 532 abjiciunt.
748 477 909 538 Atque
961 472 1109 521 etiam
1145 487 1204 519 ex
1256 471 1341 529 iis,
1394 470 1475 535 qui

90 541 397 590 Conimbrica
432 539 766 588 transmittent
801 541 848 586 in
906 539 1116 594 Indiam,
1155 550 1329 584 vereor
1365 569 1376 594 ‚
1411 551 1474 584 ne

92 605 312 653 nonnulli
348 605 473 663 sint,
511 604 590 669 qui
629 604 765 652 simul
801 616 949 666 atque
987 601 1188 652 videant
1242 615 1302 671 se·
1341 613 1474 648 atro-

91 670 287 717 cissimis
324 670 497 717 oceani
535 670 906 732 tempestatibus
944 664 1239 730 periclitari,
1292 679 1336 712 in
1375 667 1476 714 Co-

86 735 390 782 nimbricensi
426 734 683 799 Collegio‚
723 738 862 797 quam
902 734 949 778 in
986 731 1096 780 navi
1129 745 1230 780 esse
1266 728 1440 779 malint
1465 763 1480 777 .

88 801 262 862 Iraque
300 797 514 847 fervores
552 800 742 862 quidam
780 798 968 847 virtutis
1019 807 1161 855 sunt,
1211 794 1292 859 qui
1342 793 1478 844 refri-

92 877 296 929 gescunt
330 866 375 910 in
414 863 516 925 ipso
557 864 727 912 Indico
763 880 930 911 cursu.

158 932 219 994 36
271 929 418 991 Qod
455 928 490 975 si
527 928 669 991 quiin
695 929 878 976 Indiam
902 928 1122 975 ardorem
1151 923 1478 986 pertulerunt;

94 994 175 1042 ubi
213 993 520 1040 barbarorum
545 993 767 1057 regiones
791 1006 1102 1055 peragrantes
1124 991 1364 1054 coeperint
1383 993 1476 1053 qua

97 1058 314 1106 aerumnis
349 1058 533 1118 premi,
572 1061 665 1119 qua
715 1058 938 1118 periculis
988 1057 1189 1121 urgeri,·
1226 1053 1477 1118 profecto,

97 1123 186 1169 nisi
221 1123 343 1169 altas
381 1122 426 1167 in
465 1137 631 1168 eorum
668 1121 837 1169 animis
874 1121 1058 1168 radices
1097 1120 1244 1169 virtus
1295 1119 1479 1185 egerit,

94 1185 239 1234 facile
274 1186 617 1244 succumbunt,
656 1201 713 1233 ac
749 1188 939 1233 demum
979 1186 1149 1232 ardore
1186 1184 1301 1243 illo,
1338 1199 1483 1246 quem

98 1250 394 1308 attulerant,
416 1250 687 1308 restincto,
728 1251 807 1306 oui
832 1251 978 1298 modo
1016 1248 1061 1296 in
1102 1248 1346 1296 Lusitania
1370 1252 1479 1296 etim

96 1327 288 1372 essent,
328 1315 513 1363 Indiam
551 1315 936 1374 adamaverant,
978 1315 1026 1361 in
1061 1314 1198 1362 India
1234 1313 1474 1362 desiderio

95 1393 326 1430 tenentur
363 1380 619 1429 Lus1taniae
643 1416 653 1426 .
691 1381 825 1428 Idem
863 1379 1100 1443 aliquibus
1136 1379 1347 1427 vestrum
1397 1392 1485 1424 usu

98 1446 262 1493 venire
301 1457 498 1505 potest,
529 1446 608 1507 qui
647 1444 778 1492 istius
815 1444 1046 1493 domicilii
1083 1443 1220 1491 bonis
1259 1444 1316 1494 &
1352 1458 1483 1491 com·

102 1511 253 1557 modis
291 1511 494 1568 assueti,
533 1525 659 1557 nunc
697 1526 876 1574 magno
913 1508 1061 1558 animi
1097 1509 1270 1557 ardore
1306 1523 1486 1556 conce-

101 1588 214 1638 pto.
257 1575 316 1621 ad
353 1574 598 1622 venandas
634 1577 812 1622 animas
851 1575 1009 1624 emitti
1047 1575 1303 1638 gestiunt:
1338 1587 1389 1621 at
1405 1586 1489 1621 ve-

99 1644 158 1688 ro
193 1639 272 1685 nbi
305 1639 349 1685 in
387 1639 595 1687 medium
632 1654 879 1688 certamen
903 1673 913 1696 ,
941 1641 1068 1704 quod
1102 1650 1364 1699 tantopere
1397 1653 1483 1686 ex-

100 1716 528 1768 petunt‚ventum
569 1717 687 1763 erzt,
713 1708 767 1756 ὅζ
803 1707 945 1753 ardor
979 1704 1059 1752 ille
1092 1702 1362 1761 refrixerit,
1385 1701 1486 1751 for-

102 1769 239 1817 tassis
274 1769 402 1817 istius
439 1766 646 1831 Collegii
675 1771 958 1818 desiderium
976 1768 1097 1817 ferre
1121 1784 1217 1816 non
1239 1779 1487 1830 poterunt.

102 1832 324 1891 Videtis,
359 1851 455 1895 quo
491 1840 690 1882 tandem
729 1837 943 1884 evadant
977 1834 1118 1882 subiti
1171 1833 1248 1880 isti
1298 1834 1353 1884 &
1400 1832 1487 1880 im-

101 1900 275 1946 maturi
311 1897 492 1946 fructus
529 1900 813 1948 charitatis?
853 1904 993 1963 quam
1032 1897 1289 1961 periculosi
1325 1897 1487 1962 magni

103 1975 309 2011 conatus
343 1963 471 2022 sint,
507 1963 592 2010 nisi
628 1965 880 2013 conatibus
919 1966 1038 2013 vires
1074 1963 1440 2025 respondeant?

169 2028 278 2075 Nec
313 2031 431 2076 vero
467 2029 568 2075 haec
603 2033 664 2077 eo
700 2042 891 2090 spectat
931 2028 1120 2085 oratio,
1159 2040 1213 2076 ut
1261 2027 1490 2075 mirificos

99 2105 286 2141 vestros
306 2094 365 2139 ad
386 2092 618 2154 pietatem
661 2093 865 2155 impetus
887 2094 1229 2154 comprimam,
1248 2093 1492 2141 ardorem-

104 2173 200 2220 que
234 2157 505 2206 animorum
540 2160 566 2206 ὲ
605 2159 744 2206 rebus
780 2159 933 2208 arduis
969 2160 1264 2217 deterream,
1287 2160 1385 2219 quo
1402 2156 1490 2204 mi-

109 2224 196 2269 nus
232 2221 429 2271 eximios
467 2239 551 2270 vos
603 2223 854 2285 praebeatis
909 2222 1193 2272 Christianae
1247 2220 1492 2285 religionis

109 2298 486 2349 propagatores,
515 2299 661 2351 atque
698 2287 899 2337 illustria
937 2287 1125 2338 virtutis
1145 2302 1201 2334 ac
1222 2284 1495 2334 sanctitatis

104 2351 327 2412 exempla
364 2353 565 2413 posteris
601 2351 917 2416 relinquatis:
972 2352 1055 2401 sed
1108 2352 1301 2399 tannim
1337 2362 1391 2398 ut
1444 2350 1493 2398 in

107 2415 245 2466 rebus
279 2416 426 2465 etiam
461 2417 614 2479 parvis
649 2417 814 2481 magni
848 2416 936 2481 ipsi
972 2415 1177 2467 existere
1213 2414 1487 2476 conemini,

686 2482 785 2550 L3
1370 2481 1427 2533 δε
