1803 3076
423 285 522 323 100
677 271 728 322 S.
762 265 1130 322 FRANCISCI
1165 269 1455 320 XAVERII

355 371 491 410 turos
528 380 611 414 eos
647 367 707 414 ad
744 364 960 430 frugem.
1000 367 1055 418 ὅτ
1090 366 1482 414 reconciliandos
1544 362 1684 413 nobis
1718 369 1739 416 ?

336 427 416 491 *de
439 430 604 478 vestris
622 432 813 497 quidem
837 431 1201 480 Molucensibus
1222 446 1344 479 scire
1375 431 1517 492 cupio
1538 445 1742 492 ecquam

354 493 417 540 ad
469 496 762 545 credendum
802 493 1488 561 Evangelicae'l’raedicationi
1540 495 1742 542 inclina·

353 557 543 607 tionem
580 577 667 610 aut
700 564 1062 623 dispositionem
1099 575 1378 609 monstrent
1402 597 1413 608 .
1451 562 1486 608 E
1524 560 1740 608 finitimis

355 621 505 671 etiam
542 627 678 674 terris
714 625 750 673 si
787 627 899 688 quid
937 624 1035 681 ejus
1082 641 1271 691 generis
1328 627 1491 673 lae‘um
1543 625 1603 672 ad
1655 642 1739 673 vos

353 687 645 751 perferetur,
683 705 744 738 eo
782 706 841 738 ne
878 706 1037 753 quaeso
1075 706 1150 736 me
1186 688 1464 738 defraudes:
1494 698 1633 753 quam
1663 705 1738 739 me

355 752 626 803 delectaret
661 755 696 802 si
735 753 956 802 rescirem
994 770 1052 802 ex
1090 766 1166 811 te,
1196 755 1341 815 pandi
1362 755 1538 803 ostium
1576 759 1738 804 Evan-

354 815 488 883 gelio
524 821 649 881 apui
689 821 988 868 Macasarem
1021 852 1031 877 ,
1071 817 1261 866 Tollem
1315 831 1398 866 aut
1450 822 1657 868 Celebes
1711 825 1740 870 ὲ,

355 882 534 930 Christi
572 883 835 945 Religione
873 885 1021 933 vileri
1058 899 1155 932 non
1190 885 1448 931 abliorrere
1488 889 1506 933 ?
1543 886 1602 933 de
1640 889 1739 936 Re-

352 946 468 1011 gulo
506 952 639 999 certe
679 948 954 997 Molucensi
992 964 1052 996 ne
1090 950 1287 997 omittas
1324 948 1563 1009 indicare,
1604 964 1657 998 ut
1691 966 1743 1000 se

353 1026 465 1058 cum
502 1014 784 1063 Christianis
820 1014 980 1080 gerit;
1017 1014 1187 1077 ecquid
1223 1015 1277 1065 &
1313 1029 1544 1078 quantum
1597 1016 1739 1063 Mini-

354 1077 460 1124 stris
500 1079 805 1143 Evangelicis
844 1081 899 1132 &
957 1078 1231 1147 Religionis
1286 1081 1488 1144 negotio
1540 1077 1737 1140 faveat,

353 1154 532 1190 cuncta
569 1141 805 1202 ejusmodi
843 1145 1102 1208 diligenter
1140 1159 1412 1205 exequere,
1451 1160 1510 1192 ex
1565 1146 1735 1207 quibus

354 1211 507 1268 possit
561 1212 707 1257 statui
759 1211 850 1274 qua
886 1210 1206 1271 proportione
1241 1208 1426 1256 fructus
1481 1210 1618 1257 isthic
1670 1210 1738 1257 la-

354 1271 459 1320 bori
494 1275 814 1336 respondeat:
841 1275 895 1325 Sc
937 1291 996 1322 an
1033 1274 1263 1336 expediat
1317 1289 1648 1335 operariorum
1693 1275 1741 1322 in

352 1336 453 1384 istis
488 1339 724 1387 tractibus
762 1355 1035 1398 numerum,
1060 1338 1299 1386 submissis
1337 1354 1515 1402 augere
1552 1339 1743 1400 supple·

353 1402 560 1450 mentis.
599 1406 688 1453 Fac
723 1405 873 1453 etiam
928 1420 1012 1466 per
1064 1417 1113 1451 te
1167 1403 1325 1451 sciant
1377 1405 1548 1452 Romae
1602 1411 1744 1452 Pater

353 1480 521 1516 noster
558 1468 801 1532 Ignatius,
844 1469 1137 1531 Ulyssipone
1193 1471 1332 1517 Pater
1370 1469 1536 1516 Simon
1574 1470 1742 1518 Rode-

350 1532 507 1591 ricus,
546 1548 670 1597 quot
705 1535 834 1597 apud
873 1550 956 1582 vos
994 1550 1052 1582 ex
1092 1533 1386 1581 Idololatria
1422 1534 1643 1582 conversi
1683 1534 1744 1582 ad

355 1598 597 1646 Christum
633 1601 726 1648 sint
761 1632 772 1650 ,
811 1612 1044 1663 quantum
1101 1597 1357 1661 Neopyhti
1411 1596 1743 1661 profecerint,

357 1677 503 1725 quam
541 1666 588 1711 in
626 1664 1042 1727 persecutionibus
1076 1665 1406 1711 constantiam
1443 1665 1742 1712 ostendant:

353 1730 539 1789 quanta
578 1731 948 1781 concionum&
971 1733 1395 1778 Sacramentorum
1433 1727 1744 1793 frequenta:

354 1806 452 1854 quo
489 1808 676 1858 quaestu
712 1797 1008 1853 animarum,
1031 1810 1189 1859 quave
1226 1793 1510 1842 assiduitate
1546 1810 1603 1841 ac
1623 1810 1741 1841 con-

355 1857 583 1907 tentione
621 1862 905 1909 Sacerdotes
956 1875 1095 1907 sacris
1126 1911 1129 1912 ⁷
1156 1859 1426 1906 ministeriis
1480 1858 1743 1907 insistant:

351 1932 457 1968 tum
492 1937 668 1973 caetera
705 1924 806 1984 ejus
845 1924 1036 1984 formae,
1092 1925 1264 1988 quibus
1300 1923 1398 1971 illic
1436 1924 1645 1988 vulgatis
1682 1924 1743 1972 ad

354 1985 521 2036 Deum
579 1988 870 2039 laudandum
910 2001 1239 2052 provocentur
1291 1989 1370 2051 qui
1423 1991 1655 2037 audiunt.

423 2068 466 2119 5.
503 2055 594 2103 sed
629 2059 689 2102 ad
727 2072 831 2104 eam
868 2055 1181 2116 scriptionem
1218 2054 1274 2104 &
1327 2051 1543 2101 delectus
1592 2053 1740 2117 fadhi-

351 2116 523 2166 beatur
557 2134 742 2178 rerum,
782 2121 1065 2169 omittendis
1102 2136 1204 2182 quae
1258 2117 1603 2182 suggillatione
1653 2119 1740 2166 ali-

351 2199 552 2248 quorum
591 2200 676 2233 aut
710 2184 807 2234 alia
845 2188 1032 2250 ingrata
1070 2197 1321 2232 mentione
1357 2198 1539 2245 queant
1586 2182 1739 2232 offen-

353 2254 499 2301 dere,
539 2250 591 2300 &
630 2261 739 2298 tota
775 2250 883 2312 Styli
922 2250 1049 2298 ratio
1087 2251 1146 2296 ad
1196 2249 1591 2297 Ecclesiasticam
1627 2264 1738 2313 gra-

350 2312 559 2362 vitatem
599 2317 859 2375 prudenter
894 2317 1270 2363 accomodetur:
1296 2325 1347 2361 ut
1383 2314 1503 2361 tales
1536 2312 1739 2371 eiusmo-

332 2377 399 2427 'di
438 2380 749 2445 narrationes?
777 2392 905 2444 sint,
941 2397 1044 2447 quae
1082 2380 1218 2428 simul
1251 2377 1448 2442 perlatae
1495 2379 1543 2428 in
1591 2380 1743 2426 Euro-

1560 2458 1672 2510 pam
