1803 3076
233 272 717 331 EPISTOLARUM
738 303 749 316 .
770 269 872 318 Lib.
909 273 1002 321 ΙΙΙ.
1025 275 1110 338 Ep.
1129 277 1274 327 XIII.
1312 292 1398 346 115

154 393 201 440 4.
240 381 364 422 Ante
401 374 544 433 porro
591 372 734 432 quam
788 367 835 415 in
871 370 928 419 ea
978 373 1454 421 commentationum

89 441 422 490 Asceticarum
460 433 682 497 palaestra
718 448 1088 494 exercerentur,
1141 440 1347 500 plumbus
1402 438 1461 484 il-

82 505 156 552 ios
192 504 428 550 mensibus
467 513 768 547 tenueramus
804 515 851 546 ln
889 501 1131 551 memoriae
1170 503 1459 551 mandandis

84 566 313 619 Articulis
353 565 634 614 Christiana·
671 563 834 622 Fidei,
874 567 1120 627 Mysteriis
1157 568 1270 615 vitae
1322 568 1462 616 Chri-

81 646 172 690 st1;
209 632 353 680 causa
394 629 751 679 incarnationis
790 628 891 676 Filii
940 632 1037 679 Dei
1074 631 1120 678 in
1157 645 1297 681 utero
1352 635 1465 680 Ma-

81 713 164 745 riae
205 696 521 760 Virginis,ac
558 694 669 740 tota
704 692 902 741 ratione
935 697 1256 758 reparationis
1295 698 1464 752 huma-

80 777 129 810 m
168 776 382 825 generis,
429 757 629 806 Domini
679 759 793 819 Jesu
832 772 986 807 morte
1028 765 1199 821 sponte
1239 762 1462 823 suscepta

80 838 400 891 perpetratae,
441 835 608 870 mente
645 823 1127 883 comprehendenda.
1185 827 1364 889 Saepius
1400 843 1463 874 ex

82 906 152 939 eis
188 902 501 951 percontatus
538 901 672 946 sum,
710 903 930 950 quaenam
968 904 1027 936 ex
1068 890 1286 939 omnibus
1321 892 1462 956 Legis

84 955 370 1004 Christianae
410 952 768 1008 sacramentis,
818 968 901 999 usu
937 953 1047 1014 ipsis
1082 956 1345 1003 salubriora
1397 956 1465 1004 vi-

86 1020 347 1066 derentur?
368 1027 650 1063 constanter
684 1017 1067 1078 responderunt,
1109 1020 1319 1081 palmam
1344 1036 1460 1082 prae-

84 1095 303 1139 stantiae,
355 1081 418 1128 ob
452 1094 647 1126 causam
699 1079 927 1127 utilitatis
975 1085 1028 1133 ὅ(
1083 1085 1459 1134 universalitatis

81 1147 143 1195 ad
179 1160 344 1193 omnes
381 1143 721 1192 conditionum
758 1159 817 1191 ae
855 1156 1133 1207 temporum
1170 1151 1462 1212 opportuni-

78 1223 208 1260 tates
245 1221 588 1266 extensarum,
642 1222 691 1254 se
741 1208 924 1256 duobus
981 1212 1192 1261 maxime
1247 1214 1461 1265 tribuere

73 1273 346 1334 mysteriis,
400 1271 775 1322 Sacramentalis
829 1275 1137 1324 Poenitentiae
1190 1278 1245 1329 &
1295 1295 1461 1339 perce-

79 1338 258 1403 ptionis
318 1338 497 1387 Christi
557 1339 786 1398 Corporis
824 1339 871 1385 in
927 1341 1071 1389 Sacra
1125 1343 1455 1392 Eucharistia.

81 1405 372 1462 Addebant,
410 1417 510 1452 tam
563 1408 674 1465 apte
711 1403 798 1449 sibi
854 1402 1003 1452 videri
1041 1408 1284 1455 cohaerere
1335 1409 1463 1458 inter

77 1485 182 1517 sese
219 1482 395 1517 cuncta
431 1466 706 1532 Religionis
728 1468 1017 1518 Christianae
1055 1472 1318 1535 dogmata,
1355 1473 1462 1520 uni-

75 1548 365 1596 versamque
401 1532 744 1594 disciplinam,
813 1547 865 1581 ut
902 1550 1146 1584 neminem
1185 1539 1287 1585 sani
1340 1536 1461 1594 iudi-

78 1599 141 1647 cii
195 1610 451 1661 putarent,
505 1610 763 1660 postquam
822 1615 878 1647 ea
914 1605 1259 1664 cognovisset,
1315 1619 1458 1666 posse

77 1679 180 1712 non
214 1662 442 1726 probare.
479 1662 657 1710 Audivi
696 1679 844 1710 unum
882 1679 941 1711 ex
979 1667 1121 1727 ipsis,
1161 1668 1236 1715 cui
1274 1683 1459 1716 nomen

79 1741 154 1777 est
223 1727 374 1776 Paulo
422 1731 449 1776 a
488 1730 668 1776 Sancta
719 1729 854 1788 Fide,
914 1745 1025 1777 cum
1064 1731 1164 1781 alte
1220 1734 1459 1794 suspirans

81 1793 415 1841 exclamaret:
464 1793 512 1840 O
549 1808 632 1840 vos
679 1791 895 1842 infelices
941 1796 1165 1857 Japoniae
1224 1799 1460 1859 Populos,

78 1857 162 1921 qui
196 1869 441 1905 creaturas
477 1856 688 1904 adoratis
725 1874 841 1922 quas
880 1861 1048 1919 DeuS,
1088 1875 1144 1910 ut
1190 1865 1327 1911 vobis
1362 1879 1461 1912 ser-

83 1923 274 1982 vir-snt,
306 1920 454 1970 fecit!
522 1924 633 1968 sum
672 1938 765 1987 ego
802 1923 902 1982 1112,
938 1925 1051 1988 quid
1090 1928 1185 1986 ita,
1240 1928 1455 1994 inquam,

81 1986 228 2035 Paule
294 1987 450 2034 isthuc
503 1984 754 2050 loqueris?
810 1987 899 2037 Ille
951 1991 1009 2037 ad
1044 2007 1154 2040 me:
1196 1993 1455 2050 misereor,

79 2066 287 2113 nempe,
325 2052 572 2112 reposuit,
614 2052 871 2114 Populares
909 2071 1074 2113 meOS,
1133 2057 1210 2120 qui
1250 2058 1350 2105 soli
1402 2058 1460 2106 ac

80 2116 226 2163 Lunae
269 2117 471 2163 Divinos
510 2116 717 2164 honores
754 2117 955 2178 habent,
986 2136 1093 2167 cum
1130 2122 1295 2170 isthaec
1338 2122 1458 2170 side·

78 2195 134 2228 :ra
171 2179 368 2228 ministri
416 2179 509 2227 sint
543 2182 913 2243 agnoscentium
954 2186 1222 2232 Dominum
1256 2189 1454 2249 Jesum,

81 2243 207 2301 iussu
243 2241 340 2299 ejus
379 2244 455 2292 diu
493 2248 744 2308 noctuque
782 2249 936 2294 lucem
977 2250 1250 2297 hominibus
1286 2248 1459 2312 praefe-

83 2308 269 2365 rentia,
306 2308 398 2370 qua
432 2308 499 2355 illi
533 2310 720 2358 scilicet
753 2323 952 2360 utantur
986 2316 1046 2361 ad
1078 2314 1282 2383 gloriam
1317 2314 1462 2365 intel-

85 2370 332 2438 ligendam
364 2374 481 2439 Jesu
516 2375 696 2424 Christi
734 2375 832 2422 Dei
867 2377 1003 2426 Filii.
1412 2395 1419 2401 ·

737 2441 784 2487 H
823 2456 851 2490 2
1293 2442 1390 2492 Sed
