1803 3076
302 288 809 348 EPISTOLARUM.
838 292 942 342 Lib.
976 295 1052 343 IV.
1072 295 1201 360 Ep.1
1340 312 1430 365 243

123 392 326 447 meritis
349 407 557 455 cumque
589 389 806 451 precibus
845 374 1059 438 omnium
1091 391 1381 462 Bessorum,
1420 390 1499 455 qifi

119 460 232 506 dum
255 459 471 506 viverent
490 460 548 504 de
572 456 822 504 Societate
845 453 1052 512 fuerunt,
1070 456 1126 506 &
1143 471 1250 504 cum
1269 457 1500 504 universae

119 522 453 584 triumphantis
489 522 712 569 Ecclesiae
748 520 1136 582 conspirantibus
1169 521 1217 567 in
1252 522 1379 568 idem
1416 537 1503 568 vo-

116 587 209 645 tis,
248 589 510 648 impetrent
546 586 658 633 mihi
693 589 721 632 a
760 588 873 632 Deo
915 586 1133 633 Domino
1170 597 1339 633 nostro
1392 601 1498 658 gra-

114 652 234 698 tiam
264 651 570 721 intelligendi
606 652 731 698 clare
769 651 815 696 in
852 651 939 698 hac
977 651 1080 699 vita
1114 650 1223 713 quid
1260 651 1498 698 sanctissi-

115 731 192 762 ma
229 731 327 773 ejus
355 719 591 764 Voluntas
625 732 653 762 a
690 730 765 761 me
801 727 964 775 optet,
998 716 1229 778 simulque
1264 715 1498 763 auxilium

118 796 175 827 ac
214 781 361 838 vires,
400 782 586 845 integre
622 795 679 827 ac
734 779 987 841 perfecte,
1040 780 1272 845 quidquid
1323 781 1497 829 innuet

111 858 200 893 aut
233 844 451 911 injunget
491 845 792 909 exequendi.

172 975 364 1023 Cocino
399 977 485 1023 IV.
520 973 625 1022 Kal.
660 973 895 1022 Februarii
930 977 1077 1025 Anno
1111 975 1404 1028 CIDIDLII.

244 1102 474 1152 Minimus
511 1102 659 1162 filius,
693 1101 920 1168 idemque
956 1106 1005 1155 in
1055 1105 1206 1155 exilio
1241 1104 1483 1155 maximo.

1056 1238 1323 1283 Francis-cus
1352 1269 1364 1283 .

433 1363 473 1412 E
517 1364 552 1411 P
589 1364 612 1410 1
648 1362 678 1411 S
717 1363 757 1411 T
792 1365 840 1413 O
873 1365 911 1414 L
946 1363 990 1413 A
1058 1365 1082 1413 1
1118 1366 1171 1414 Ι.

492 1491 735 1542 Societati
773 1493 821 1541 in
857 1495 1128 1558 Europam.

121 1623 197 1674 De
227 1624 425 1689 Japonia
441 1622 690 1689 ,rebusque
722 1624 886 1674 ibidem
906 1640 934 1672 a
955 1644 1000 1674 se
1025 1631 1188 1703 gestis·
1189 1627 1342 1675 eadem
1366 1624 1497 1690 fere,

200 1707 299 1752 quae
335 1692 380 1735 in
413 1691 679 1751 praecedenti
715 1692 940 1755 epistola;
977 1709 1138 1740 verum
1174 1696 1220 1739 in
1255 1693 1502 1758 hacjusius

185 1757 242 1802 de
275 1757 545 1802 Bonziorum
581 1759 718 1815 vita,
769 1769 811 1803 et
863 1757 1057 1805 moribus
1089 1777 1105 1806 .·
1154 1758 1210 1805 de
1257 1762 1502 1822 Legatione

188 1823 445 1884 Btaengensi,
470 1823 686 1868 Sinarum
721 1823 1037 1885 religimibus,
1061 1839 1116 1870 ac
1149 1824 1206 1871 de
1237 1827 1390 1886 opimis
1408 1827 1502 1869 Eu·-

195 1899 435 1946 ropoeorum
467 1887 732 1933 sacerdotiis
764 1905 859 1934 cum
908 1890 1092 1935 molesta
1144 1891 1268 1952 apud
1306 1891 1502 1954 Japones

188 1954 479 1997 concionaria
514 1965 620 1998 vita
655 1953 1010 2000 commutandis.

210 2074 385 2127 Gratia
419 2080 475 2131 ὃ(
513 2079 735 2128 Charitas
774 2082 840 2128 D.
877 2083 942 2130 N.
974 2083 1093 2145 Jesu
1128 2081 1304 2132 Christi
1340 2082 1401 2130 sit

441 2146 697 2193 nobiscum
731 2161 948 2208 semper.
985 2154 1173 2196 Amen.

329 2273 376 2319 D
430 2276 570 2322 XIX
605 2273 846 2323 Kalendas
881 2276 1174 2338 Septembris
1210 2279 1304 2325 An.
1344 2277 1410 2324 Μ.
1436 2279 1502 2326 D.

361 2338 541 2385 XLIX.
575 2338 624 2386 in
656 2340 914 2403 Japoniam
949 2358 1143 2401 omnes,
1183 2343 1295 2389 Deo
1332 2340 1503 2389 faven-

120 2412 194 2462 te,
232 2402 351 2453 salvi
386 2401 748 2469 incolumesque
784 2408 1494 2472 pervenimus.Cangox1mam

718 2472 829 2534 (λε
1354 2487 1437 2535 ap-
