1803 3076
327 252 527 301 EPIST.
568 249 614 297 S.
652 247 898 296 FRANC.
934 248 1098 296 XAV.
1293 265 1389 315 497

57 342 288 394 calicibus
311 376 322 402 ,
346 359 461 406 quos
502 342 569 388 t'frw
627 345 835 405 ⁷‘tquuos
873 340 968 391 feci
996 333 1455 405 .perferendumcu.

57 410 213 460 rabis:
255 411 410 469 neque
447 425 559 455 enus
616 411 681 453 wir
717 410 896 455 habent
933 409 1036 469 plus
1075 423 1206 454 uno.

126 493 171 524 2.
212 476 393 520 Mando
432 476 515 521 tib<
559 501 579 515 .-
653 485 720 530 ie,
761 487 811 520 ut
851 472 980 520 actius
1015 472 1226 535 Collegii
1262 472 1455 521 aesalie-

61 557 172 590 num
226 538 454 585 dissolvas
511 563 527 583 μ
561 541 853 599 ...inprimum
894 557 909 594 ,·
947 537 1057 584 nam
1094 553 1229 583 suum
1278 539 1454 600 cuique

57 604 428 668 persolvendum
467 598 566 650 est.
608 605 754 668 Qthd
794 606 838 649 in
878 605 969 650 hoc
1003 617 1181 667 genere
1218 600 1451 662 effeceris,

61 669 210 719 facies
251 682 302 715 ut
337 685 486 716 sciam
509 704 520 714 .
565 672 615 715 ln
651 669 896 727 exigendis
934 681 1098 715 autem
1120 666 1331 731 Collegii
1370 681 1453 714 ve-

60 735 314 798 ctigalibus
351 735 449 781 noli
486 748 587 780 esse
625 735 862 781 remissior
897 737 1038 796 quam
1079 748 1161 793 par
1196 745 1302 780 est:
1341 731 1454 778 hinc

62 815 189 851 enim
228 799 312 853 fit,
352 814 404 847 ut
439 800 600 857 inopia
638 811 916 857 premantur
953 799 1199 856 absenteS‘,
1223 797 1275 847 &
1312 797 1454 844 Chri-

62 879 219 914 stiana
257 862 418 912 officia
455 864 693 926 permulta
728 864 1078 925 impediantur,
1104 875 1187 910 aut
1223 864 1354 910 certe
1378 876 1455 909 re-

59 931 309 981 tardentur
331 964 342 980 ,
459 931 463 934 ’

131 1013 152 1060 3
212 996 390 1040 lterum
428 993 603 1040 mando
640 991 759 1049 tibi,
813 1007 873 1039 ne
924 1005 1246 1055 quemquam,
1284 988 1370 1036 nisi
1416 989 1453 1037 i-

65 1059 275 1107 doneum
310 1089 321 1115 ,
359 1059 414 1108 &
464 1058 592 1105 domi
623 1090 634 1116 ,
674 1057 882 1120 forisque
930 1056 1098 1104 utilem
1135 1055 1371 1103 adscribas
1404 1055 1454 1102 in

69 1124 372 1171 Societatem
411 1158 422 1169 .
475 1123 678 1170 Proinde
731 1124 808 1185 qui
876 1121 978 1183 apti
1029 1136 1128 1167 non
1179 1131 1334 1178 sunt,
1387 1120 1457 1168 his

61 1204 183 1236 cave
220 1188 522 1235 Societatem
575 1202 778 1234 oneres.
813 1188 1020 1234 Ceteros
1069 1184 1146 1239 fac
1193 1185 1456 1248 diligenter

65 1251 287 1310 excolas,
327 1253 537 1300 maxime
574 1255 692 1299 vero
728 1267 838 1310 eos,
877 1252 957 1314 qui
996 1248 1205 1297 externis
1243 1249 1452 1312 negotiis

60 1317 397 1380 implicantur,
436 1315 591 1373 veluti
626 1317 976 1370 obsonatores,
1001 1316 1056 1366 &
1092 1313 1212 1360 alios
1248 1311 1458 1371 ejusmo-

65 1383 138 1431 di.
173 1381 372 1431 Curabis
410 1381 583 1446 igitur,
617 1395 670 1429 ut
705 1381 804 1430 sine
839 1379 1040 1437 alicuius
1078 1377 1348 1426 offensione
1386 1377 1457 1427 vi-

64 1458 207 1506 vant,
247 1447 302 1505 <Sc
340 1462 410 1494 tes
446 1446 531 1493 sibi
569 1447 774 1494 creditas
813 1446 1019 1498 fideliter
1054 1455 1304 1493 tractent.

132 1534 177 1577 4.
215 1512 263 1558 Si
299 1526 416 1574 quos
453 1513 811 1575 arrogantiores
867 1526 967 1559 esse
1018 1506 1454 1566 animadvertetis,

64 1577 151 1626 hos
190 1579 307 1624 vero
342 1578 591 1624 exercebis
628 1576 676 1623 in
714 1575 965 1624 humilibus
1002 1572 1247 1625 officiis&
1296 1570 1458 1629 abiec-

66 1644 127 1690 tis
152 1659 164 1702 ;
200 1657 257 1688 ac
294 1643 466 1703 pedem
503 1641 676 1690 efferre
714 1643 863 1689 domo
888 1674 900 1701 ,
925 1641 1087 1704 quoad
1109 1636 1208 1695 eius
1233 1637 1333 1686 fieri
1369 1653 1457 1699 po-

64 1708 211 1766 terit,
250 1706 435 1762 vetabis
460 1723 470 1762 ς
494 1705 731 1768 praecipue
769 1711 887 1755 vero
923 1704 1152 1767 appositis
1176 1702 1458 1750 meditatio-

66 1772 203 1821 nibus
239 1772 300 1818 ad
338 1770 662 1827 Christianam
699 1771 949 1819 revocabis
990 1769 1312 1826 humilitatem
1346 1802 1358 1814 .
1408 1764 1458 1814 Si

69 1853 130 1886 ne
167 1837 231 1884 sic
280 1836 472 1899 quidem
524 1838 582 1885 ad
631 1840 888 1885 sanitatem
940 1836 1177 1892 redeant,
1237 1831 1458 1882 Societa-

68 1914 171 1951 tem
208 1900 364 1948 inutili
402 1918 550 1950 onere
586 1900 801 1950 levabis:
851 1912 1045 1962 praestat
1099 1900 1227 1948 enirn
1276 1911 1455 1960 paucos

69 1982 172 2016 esse
210 1965 410 2024 Socios,
448 1983 506 2013 ac
542 1965 694 2031 frugi,
735 1969 877 2030 quam
915 1965 1096 2023 multos
1132 1967 1187 2016 &
1214 1977 1419 2025 nequam
1442 1995 1455 2007 .

71 2032 311 2081 Absentes
349 2046 513 2078 omnes
551 2031 720 2078 Socios
756 2035 818 2080 'de
853 2030 1116 2083 concordia
1152 2044 1261 2076 cum
1298 2026 1455 2073 omni-

70 2097 187 2153 bus,
224 2096 431 2144 maxime
470 2100 587 2144 vero
621 2112 729 2142 cum
770 2095 988 2158 Episcopi
1028 2094 1300 2142 vicariis&
1336 2095 1456 2139 l'rae-

70 2159 214 2209 fectis
253 2160 539 2222 oppidorum
579 2162 762 2208 tuenda
813 2176 897 2222 per
951 2160 1137 2207 litteras
1188 2156 1455 2204 identidem

73 2226 437 2273 commonebis.
475 2228 856 2287 Praeceptorum,
894 2241 997 2287 quae
1032 2224 1119 2281 tibi
1155 2220 1352 2285 reliqui,
1389 2219 1457 2268 eis

72 2290 295 2351 exempla
330 2290 524 2351 mittes;
561 2305 710 2355 atque
747 2290 864 2338 illud
901 2287 1236 2346 denuntiabis,
1287 2285 1324 2333 si
1376 2283 1456 2348 qui

72 2356 463 2470 ranoderatoribus
497 2357 589 2405 suis
627 2357 779 2404 minus
816 2355 951 2405 dicto
986 2354 1237 2402 audientes
1260 2348 1454 2412 fuerint,

117 2437 198 2470 om.
233 2423 299 2468 Π.
725 2421 748 2468 l
782 2418 797 2465 i
1319 2430 1392 2463 se-
