1803 3076
395 323 491 388 246
636 322 685 371 S.
715 320 1076 372 FRANCISCI
1113 322 1402 374 XAVERH

340 418 540 480 quisque
578 417 698 466 velit
736 449 749 488 ,
785 417 994 464 vivere.
1035 417 1367 466 Veruntamen
1415 432 1537 478 saefae
1591 416 1717 466 inter

335 496 418 529 eos
455 483 795 530 controversiae
833 482 887 531 δι
924 483 1142 528 contenti
1151 498 1265 528 ones
1315 483 1529 530 existunt
1559 516 1570 541 ,
1608 487 1716 531 cum

336 560 470 593 suam
511 546 723 616 quisque
741 544 1034 604 disciplinam
1070 545 1150 592 reli
1143 548 1258 609 quis
1293 546 1537 594 anteferre
1569 563 1720 594 cona-

334 621 440 669 tur,
477 623 623 674 atque
661 608 809 656 etiam
845 608 1088 656 interdum
1128 612 1318 660 venitur
1352 612 1409 658 ad
1449 627 1643 658 manus.

403 691 444 738 7.
484 677 560 722 De
598 673 757 720 mundi
792 685 938 742 atque
975 673 1241 721 animarum
1281 677 1619 734 procreatione
1669 675 1718 724 in

335 727 464 786 hisce
500 737 757 799 disciplinis
795 753 922 784 omni
915 736 1012 783 bus
1051 739 1219 787 mirum
1276 740 1516 787 silentium
1551 778 1563 788 .
1600 742 1721 788 Om-

332 817 412 849 nes
448 801 634 863 piorum
672 815 820 866 atque
856 801 1183 863 improborum
1236 804 1369 851 sedes
1429 805 1722 854 nominant.

334 865 465 913 nulla
499 878 662 915 tamen
701 882 861 914 earum
873 880 968 937 ’aut
973 865 1251 938 cujusmodi
1276 866 1335 915 sit
1367 868 1619 917 beatorum
1651 886 1724 917 se-

333 929 416 976 des
462 946 661 981 eorum
687 944 772 979 aut
806 930 936 987 cuius
973 931 1172 993 imperio
1216 932 1542 992 im9roborum
1580 933 1726 981 animi

333 995 397 1042 ad
433 994 612 1045 inferos
650 997 998 1053 detrudantur,
1021 997 1398 1046 ostendit.Suos
1436 1000 1624 1045 tantum
1641 1014 1723 1045 au·

332 1071 495 1108 ctores
534 1060 798 1121 praedicant
824 1061 928 1124 ,qui
962 1073 1017 1110 ut
1047 1061 1189 1109 saluti
1225 1062 1535 1110 consulerent
1572 1062 1726 1111 homi-

327 1139 440 1171 num
478 1125 930 1184 innumerabilium,
951 1125 1088 1173 nullis
1107 1142 1188 1174 sua
1225 1139 1428 1187 peccata
1465 1127 1615 1189 poenis
1640 1143 1722 1175 ex·

328 1189 591 1250 piantium,
631 1191 1061 1241 ειεειὶ)“ιεείιιιοςειιὲι
1098 1204 1273 1256 sponte
1294 1193 1532 1240 cruciatus
1566 1193 1720 1242 subie-

328 1254 453 1312 rint,
477 1255 782 1320 maximeque
817 1255 1102 1304 diuturnos.

391 1323 433 1366 8.
470 1320 670 1367 Proinde
705 1320 1026 1379 confirmant,
1064 1336 1146 1369 eos
1183 1336 1392 1380 omnes,
1432 1319 1509 1384 qui
1561 1320 1718 1368 nullas·

325 1398 521 1432 suorum
559 1383 849 1435 delictorum
895 1400 1060 1446 poenas
1114 1385 1339 1442 luerint,
1393 1385 1428 1431 si
1477 1398 1714 1434 sectarum

325 1463 513 1495 suarum
551 1449 789 1511 Principes
841 1449 1216 1512 conditoresque
1265 1448 1569 1510 ἰιιιρΙοι-ἓιιιιιτ
1603 1482 1613 1506 ,
1652 1451 1715 1497 ab

326 1514 546 1559 omnibus
584 1514 902 1562 incommodis
935 1513 1191 1561 liberatum
1227 1514 1280 1561 iri
1311 1532 1325 1574 3
1364 1516 1430 1563 ita
1466 1527 1659 1574 tamen,
1678 1514 1716 1561 si

325 1577 502 1641 magna
528 1578 608 1641 (ἦ)
632 1577 727 1637 ejus
753 1579 927 1627 fiducia
950 1577 1329 1640 imploraverint,
1353 1583 1544 1627 omnem
1558 1594 1647 1642 que
1669 1580 1718 1627 in

327 1642 393 1688 eis
427 1658 558 1703 spem
595 1643 896 1715 reposuerint
934 1659 1094 1690 suam.
1118 1647 1189 1692 Ac
1226 1658 1495 1711 persuasum
1532 1644 1715 1692 habent

326 1704 463 1765 fore,
500 1721 553 1754 ut
592 1709 668 1755 vel
704 1724 763 1756 ex
800 1708 907 1769 ipsis
942 1706 1105 1754 inferis
1156 1722 1432 1755 eorumdem
1486 1708 1716 1767 depreca-

325 1770 463 1818 tione
500 1771 912 1832 eripiantur.Sed
953 1773 1025 1818 hae
1065 1788 1179 1834 quas
1219 1771 1314 1818 dixi
1354 1771 1608 1834 disciplinae
1649 1771 1721 1819 in-

326 1836 647 1883 numerabiles
683 1835 1109 1889 fabulas,&mira
1148 1838 1362 1898 quaedam
1382 1838 1438 1885 de
1476 1836 1716 1885 suisinsti-

323 1898 561 1947 tutoribus
585 1901 1041 1971 perhibebant,quae
1063 1901 1257 1961 lonoum
1295 1914 1418 1950 esset
1452 1917 1712 1957 exponere.

390 1981 437 2027 9
475 1966 543 2012 Ex
582 1965 710 2013 hisce
746 1965 888 2012 sectis
926 1964 1168 2013 nonnullae
1191 1977 1415 2023 trecena,
1443 1965 1536 2012 alia
1573 1982 1650 2028 qui
1644 1982 1708 2012 ιι-

323 2043 451 2092 gena
487 2043 728 2100 praecepta
766 2029 1259 2090 continent;01nnes
1296 2042 1458 2078 tamen
1508 2045 1710 2077 consen-

326 2095 490 2153 tiunt,
527 2110 740 2158 quinque
776 2109 1020 2156 praecepta
1057 2109 1155 2142 esse
1193 2095 1462 2156 praecipua,
1492 2110 1546 2142 ac
1566 2093 1710 2155 plane

322 2160 621 2206 necessaria.
659 2160 891 2211 Primum
928 2175 1025 2206 non
1063 2160 1417 2217 occidendum,
1456 2174 1544 2206 nec
1580 2175 1709 2207 occi-

322 2237 424 2268 sum
460 2223 711 2286 quicquam
750 2223 1099 2272 comedendum
1123 2258 1134 2269 .
1172 2223 1390 2272 Alterum
1426 2255 1437 2281 ,
1477 2239 1577 2270 non
1637 2222 1709 2271 fu-

319 2288 548 2336 randum.
586 2290 800 2338 Tertium
829 2323 840 2349 ,
877 2305 973 2336 non
1009 2289 1349 2336 moechandum
1383 2324 1394 2335 .
1430 2289 1672 2358 Qartum
1691 2320 1704 2347 ,

320 2365 421 2401 non
473 2353 837 2402 mentiendum.
874 2356 1170 2401 Postremum
1208 2386 1218 2409 ,
1256 2352 1592 2400 abztinendum
1630 2367 1701 2397 νι-

320 2428 427 2473 ῐιο.
456 2421 618 2473 Atque
656 2422 724 2467 hae
762 2419 954 2483 quidem
987 2418 1118 2484 leges
1151 2433 1430 2470 communes
1465 2428 1575 2467 sunt
1627 2415 1696 2463 di-

449 2488 508 2541 (⁷²)
541 2493 696 2534 Forsan
729 2500 765 2526 ec
772 2502 819 2527 r.
1540 2478 1628 2529 §Ci-
