1803 3076
423 299 524 367 256
678 297 727 348 S.
759 296 841 346 FR
850 295 1124 345 ANCISCI
1158 292 1450 345 XAVERII

360 394 609 458 complura
644 393 820 447 ‹zi-sium
854 391 1170 455 eleemosynis
1205 392 1439 440 destituta
1474 389 1606 440 brevi
1648 409 1749 447 esse

365 461 619 510 interitura
642 497 652 507 .

429 543 507 590 ιγ.
543 521 824 586 Antiquitus
859 520 1049 588 quidem
1094 519 1265 570 Bonzii
1299 536 1354 567 ac
1390 521 1585 569 Bonziae
1617 555 1628 582 ‚
1667 523 1750 587 qui

363 606 508 641 unam
544 590 751 652 aliquam
774 588 798 634 ὲ
833 587 1041 647 quinque
1071 585 1159 631 illis
1198 586 1378 649 legibus
1403 587 1742 651 neglexissent,

361 658 390 704 a
434 654 628 719 Regulis
675 667 731 698 ac
767 649 984 697 Dominis
1033 650 1347 710 oppidorum,
1386 652 1463 698 ubi
1501 667 1745 701 versaren-

362 731 470 777 tur,
502 730 656 764 morte
693 714 877 762 scilicet
912 712 1279 767 multabantur:
1305 714 1404 763 sive
1440 716 1541 781 quis
1577 733 1746 768 eorum

362 783 629 847 flagitium,
661 780 838 827 furtum
862 812 871 837 ‚
895 778 1199 830 mendacium
1237 780 1504 840 admisisse,
1537 782 1636 829 sive
1660 784 1746 831 ho.

362 850 540 897 minem
581 847 769 898 aliudve
804 843 981 891 animal
1018 842 1280 901 occidisse,
1316 856 1402 890 aut
1448 847 1747 908 comedisse,

362 913 464 961 sive
500 910 668 958 bibisse
709 911 868 958 vinum
901 907 1308 959 convinceretur.
1343 912 1486 957 Nunc
1522 916 1639 958 vero
1675 929 1748 960 re-

361 977 526 1026 laxata
567 976 817 1044 planeggst
851 973 1097 1050 oisciplina
1130 985 1277 1035 atque
1317 988 1579 1035 corrupta:
1637 991 1747 1024 nam

360 1041 583 1105 plerique
622 1036 796 1103 pota'n‘t
833 1054 1028 1097 Vinum,
1063 1053 1206 1085 carne
1262 1052 1516 1085 vescuntur
1550 1039 1747 1090 clancu-

362 1109 489 1164 lum,
524 1109 787 1159 mendaciis
823 1104 1050 1158 student,
1085 1104 1390 1151 moechantur
1422 1105 1609 1164 palam3
1645 1106 1748 1153 vul-

359 1178 428 1239 go
458 1187 626 1234 pueros
668 1171 849 1225 habent
885 1169 1011 1229 apud
1048 1183 1124 1225 se,
1162 1183 1365 1229 quorum
1420 1171 1575 1217 aetatis
1627 1171 1747 1219 flore

361 1238 629 1287 abutuntur
652 1273 663 1283 .
700 1235 851 1297 quue
888 1233 972 1296 ipsi
1018 1233 1309 1293 profitentur
1344 1265 1355 1291 ,
1386 1248 1442 1280 ac
1490 1249 1746 1294 peccatum

360 1302 544 1351 nullum
576 1316 678 1348 esse
716 1299 975 1360 praedicant
1000 1313 1176 1360 :quare
1216 1296 1417 1358 populus
1454 1299 1647 1346 Bonziis
1664 1317 1746 1347 au-

362 1367 576 1416 ctoribus
611 1369 638 1413 a
672 1378 770 1412 tam
809 1362 993 1411 nefario
1039 1361 1224 1425 flagitio
1263 1377 1360 1411 non
1399 1361 1743 1413 abstinet.Sic

361 1432 490 1480 enim
530 1430 681 1494 vulgo
705 1428 1017 1484 dictitant,si
1055 1427 1246 1475 Bonziis
1284 1427 1332 1474 id
1368 1425 1544 1488 liceat,
1578 1429 1742 1493 quidni

357 1492 636 1546 hominibus
661 1494 809 1541 liceat
844 1491 1056 1554 profanis
1087 1527 1098 1539 .
1594 1496 1601 1499 “

429 1562 503 1609 28.
543 1563 653 1608 Huc
689 1558 910 1617 accedit,
949 1557 1075 1621 quod
1109 1556 1245 1604 alant
1291 1554 1337 1603 in
1367 1556 1602 1610 coenobiis
1649 1557 1740 1607 suls

354 1624 530 1675 BonLii
572 1623 793 1672 foeminas
829 1622 1130 1684 complures,
1167 1637 1281 1684 quas
1323 1622 1609 1673 colonorum
1627 1639 1739 1670 suo-

354 1707 459 1742 rum
495 1706 666 1737 uxores
701 1698 800 1736 esse
836 1688 1031 1736 dicunt.
1067 1688 1132 1732 Ea
1183 1701 1253 1733 res
1303 1685 1618 1735 offensionem
1667 1689 1738 1735 in·

355 1754 506 1809 currit
539 1752 883 1809 multitudinis,
912 1765 1099 1800 tantam
1130 1750 1421 1799 Bonziorum
1477 1768 1585 1805 cum
1639 1768 1738 1801 mu.

353 1819 549 1871 lieribus
585 1816 984 1866 consuetudinem
1024 1828 1292 1877 suspectam
1323 1816 1574 1869 habentis.
1612 1819 1738 1866 Bon·

356 1885 445 1933 ziae
481 1899 674 1946 quoque
704 1882 922 1928 omnibus
967 1881 1093 1928 horis
1140 1883 1166 1928 a
1218 1881 1408 1930 Bonziis
1459 1884 1733 1944 adeuntur,

355 1947 504 1996 officii
550 1948 721 2006 causa,
753 1951 929 2011 eosque
966 1945 1169 1994 vicissim
1203 1947 1385 1995 adeunt
1417 1966 1432 1997 .·
1476 1959 1527 1994 at
1579 1963 1732 2009 popu-

353 2013 426 2061 lus
475 2014 522 2061 id
569 2013 744 2060 malam
791 2012 838 2058 in
879 2023 1061 2072 partem
1112 2009 1459 2072 interpretatur
1493 2048 1503 2059 .
1548 2013 1723 2062 Ferunt

348 2077 543 2128 herbam
589 2093 719 2137 esse,
750 2092 892 2140 quam
932 2075 1123 2123 Bonziae
1154 2075 1333 2125 esitent
1368 2111 1380 2137 2
1418 2093 1478 2125 ne
1523 2077 1732 2139 gravidae

355 2143 475 2192 fiant
498 2179 504 2187 .
527 2144 760 2206 Equidem
781 2155 858 2189 tot
879 2157 934 2189 ac
957 2141 1104 2197 tantis
1144 2141 1350 2194 Bonzios
1388 2142 1579 2206 flagitiis
1611 2157 1731 2189 coo-

355 2223 521 2270 pertos
538 2223 637 2255 esse
660 2224 755 2255 non
772 2207 934 2254 miror:
951 2222 1097 2271 genus
1120 2207 1241 2254 enim
1266 2207 1612 2271 estlwminum,
1634 2207 1731 2254 dia-

352 2273 516 2320 bolum
555 2273 601 2318 in
643 2272 738 2320 Dei
774 2273 886 2320 loco
924 2270 1228 2329 habentium,
1252 2272 1329 2334 qui
1365 2270 1729 2321 innumerabilia

355 2354 414 2392 ac
452 2337 634 2385 nefaria
669 2337 849 2402 flagitia
885 2337 1176 2391 aclmittant5
1212 2351 1402 2389 necesse
1438 2348 1510 2385 est
1533 2370 1545 2383 .

433 2419 513 2473 29.
565 2403 779 2459 Utuntur
822 2403 1036 2472 Japones
1073 2417 1235 2450 omnes
1284 2403 1344 2455 acl
1387 2416 1557 2476 preces<
1604 2397 1725 2449 serie

1546 2479 1660 2529 qua-
