1803 3076
401 306 501 358 ψ
644 290 696 340 s,
728 287 1088 346 FRANcrscr
1139 288 1425 341 XAVERH

339 387 681 451 magistrorum
714 384 867 435 labori
885 388 977 437 hoc
996 387 1340 452 excogitarunt
1360 384 1718 447 compendium

341 450 627 513 Proponunt
662 466 708 496 in
744 453 911 503 tabula
947 453 1107 502 literas
1155 452 1332 499 Sinicas
1363 482 1375 510 ‚
1412 466 1584 514 cunque
1633 454 1719 499 im·

342 516 576 579 ponendo
614 515 792 577 pictam
828 514 1034 579 effigiem
1070 517 1211 580 ipsius
1247 516 1344 575 rei,
1382 531 1523 580 quam
1573 515 1717 581 signi—

343 581 495 630 ficat.
533 578 751 639 Exempli
786 592 969 644 gratia,
1008 584 1087 645 qui
1123 589 1372 628 character
1407 581 1588 630 homini
1634 584 1717 630 de-

340 646 576 711 signando
612 643 856 691 institutus
894 658 993 703 est,
1030 661 1071 692 ei
1109 643 1264 693 forma
1299 661 1521 705 expressa
1557 646 1714 693 homi·

339 713 412 759 nis
448 708 681 755 incumbit
704 742 714 753 .
752 713 829 755 sic
865 708 912 755 in
950 709 1162 756 caeteriS.
1202 711 1317 756 lnde
1354 711 1408 759 fit
1443 725 1496 758 ut
1546 712 1715 757 admo-

341 772 435 821 niti
471 783 732 833 conspectu
768 774 885 837 signi
906 774 1121 836 Japones
1141 773 1592 831 lectore3‚easdern
1613 774 1719 838 qui-

341 840 453 885 dem
488 852 560 884 res
596 838 887 901 cogitationi
923 836 1347 900 subjiciant,quas
1369 840 1480 884 Sina
1514 840 1717 900 scriptor

335 904 387 950 in
425 912 588 949 mente
624 902 827 962 haouit3
863 904 943 949 sed
981 904 1086 949 dum
1124 917 1248 950 voce
1286 902 1416 964 quod
1449 902 1619 968 legunt
1647 902 1718 952 ef-

338 965 532 1025 ferunt,
569 966 808 1014 vocabula
857 968 1102 1029 Japonica
1149 982 1219 1014 res
1275 968 1375 1015 ilias
1428 968 1715 1016 denotantia

335 1030 694 1094 pronuncient:
734 1048 837 1094 quae
878 1035 997 1080 Sinae
1033 1032 1316 1092 audientes,
1353 1032 1467 1093 quid
1500 1033 1588 1079 sibi
1636 1049 1717 1082 ve-

331 1097 430 1145 lint
465 1111 651 1158 prorsus
687 1097 940 1146 nesciunt:
975 1098 1047 1145 uti
1084 1112 1172 1144 nec
1209 1095 1412 1145 vicissim
1456 1096 1493 1144 si
1548 1113 1713 1144 coram

336 1164 535 1225 Japone
585 1161 698 1208 Sina
745 1163 946 1210 eandem
999 1161 1282 1222 scripturam
1335 1177 1458 1210 voce
1503 1163 1718 1211 adhibita

334 1227 503 1292 lege-ns
540 1227 808 1288 exprimat,
830 1229 990 1290 Japon
1026 1227 1154 1274 haud
1187 1226 1433 1291 intelliget
1466 1227 1578 1290 quid
1615 1243 1720 1276 ver-

341 1291 404 1339 ba
438 1303 647 1338 sonent.

408 1371 483 1405 21.
520 1355 798 1417 Scripsimus
833 1355 994 1421 lingua
1043 1355 1288 1419 japonica
1337 1355 1510 1403 librum
1563 1355 1714 1417 expli·

341 1433 539 1468 cantem
576 1421 782 1486 origines
823 1422 1022 1480 Mundi,
1060 1423 1115 1472 δε
1150 1433 1329 1468 cuncta
1382 1421 1492 1470 vitae
1542 1421 1720 1470 Christi

338 1486 948 1549 Mysteria.Eundemque
986 1485 1161 1533 deinde
1194 1486 1365 1534 librum
1403 1485 1572 1533 Sinicis
1607 1488 1718 1534 cha-

336 1550 601 1598 racteribus
639 1551 993 1613 descripsimus,
1016 1552 1146 1613 quod
1169 1551 1415 1612 exemplar
1449 1551 1718 1614 cogitamus

337 1613 462 1663 ferre
498 1614 745 1664 nobiscum
780 1628 946 1665 euntes
983 1619 1043 1663 ad
1080 1615 1247 1675 Sinas3
1285 1627 1337 1662 ut
1371 1615 1563 1663 interim
1611 1617 1722 1663 dum

335 1678 513 1743 linguae
550 1681 777 1730 notitiam
813 1697 1057 1742 paramus,
1093 1678 1334 1741 specimen
1370 1680 1601 1740 possimus
1637 1682 1722 1728 da-

340 1759 394 1792 re
431 1743 553 1791 Sinis
590 1747 770 1807 scripto
804 1745 912 1807 ipsis
948 1758 1067 1793 noto
1105 1759 1376 1805 expressum
1415 1760 1581 1792 eorum
1616 1761 1720 1808 quae

341 1807 619 1856 afferimus.
655 1812 789 1868 Oro,
827 1820 978 1873 atque
1015 1809 1217 1861 obsecro
1253 1822 1469 1858 sanctam
1507 1812 1716 1858 charita-

338 1885 442 1921 tem
478 1885 612 1920 tuam
648 1906 660 1933 ,
696 1890 779 1936 per
823 1890 919 1937 quo
972 1877 1133 1923 Deum
1179 1889 1342 1922 amore
1396 1877 1718 1939 prosequeris,

337 1952 535 2000 quoque
575 1936 675 1996 ejus
712 1938 930 2002 obsequii
968 1940 1127 1987 studio
1164 1940 1363 2003 flagras,
1402 1939 1479 1987 fac
1514 1953 1615 1989 tam
1652 1942 1720 2003 ip-

337 2016 390 2050 se
426 2014 502 2056 tu,
537 2017 681 2064 quam
719 2004 938 2052 universa
975 2005 1516 2067 societas2quotidianis
1542 2021 1719 2053 meve·

338 2065 446 2120 stris
479 2067 1062 2131 sacrificiis,&precibus
1099 2072 1212 2123 Deo
1244 2071 1458 2132 impense
1477 2085 1722 2118 commen-

337 2130 492 2179 detis.
527 2133 648 2180 Peto
682 2133 910 2195 inquam,
949 2135 1004 2185 δι
1038 2133 1477 2199 rogo,interprete
1513 2150 1570 2182 ac
1605 2149 1722 2183 con-

335 2194 576 2247 ciliatrice
609 2200 778 2252 sancta
812 2200 1047 2247 charitate
1083 2200 1165 2247 tua
1193 2232 1205 2258 ,
1242 2211 1429 2260 patrum
1480 2199 1722 2258 omnium,

333 2262 600 2324 *praesertim
636 2262 987 2325 professorum,
1025 2265 1269 2327 procurari
1304 2264 1417 2311 mihi
1463 2264 1715 2330 suffragia,

337 2325 400 2375 &
436 2324 656 2375 efficaces
692 2327 1058 2378 intercessiones
1094 2331 1153 2376 ad
1188 2345 1493 2378 communem
1535 2329 1713 2378 Domi-

339 2403 480 2451 num,
517 2407 618 2456 quae
655 2390 830 2453 junctae
878 2410 985 2443 cum
1018 2395 1169 2444 totius
1204 2395 1454 2445 militantis
1490 2393 1717 2445 Ecclesiae

1548 2473 1646 2507 me-
