1803 3076
395 313 485 349 102
652 294 698 343 S.
733 292 1091 345 FRANCISCI
1127 294 1419 343 XAVERH

331 391 622 451 functorii53
659 409 773 456 quas
809 393 875 441 uti
915 395 971 444 δε
1004 392 1211 453 superius
1264 389 1563 454 praescriptas
1616 407 1717 438 om·

332 474 416 506 nes
454 458 544 507 rite
581 459 860 522 obsignatas
898 459 952 508 δε
989 457 1236 518 inscriptas
1262 457 1435 508 *mittes
1474 453 1719 503 Malacam

331 523 396 570 ad
434 526 621 570 Patrem
660 523 956 570 Francis-cum
995 523 1277 580 Perezium,
1317 521 1393 568 cui
1429 523 1631 583 praecepi
1668 534 1722 568 ut

333 587 668 650 frequentibus
706 588 754 633 in
793 585 879 633 illo
916 586 1095 635 celebri
1132 587 1363 647 Emporio
1382 586 1576 633 navium
1603 602 1722 648 quo-

333 667 625 716 quoversum
663 651 956 700 solventium
994 652 1440 711 opportunitatibus
1460 651 1719 713 diligenter

333 728 555 765 uteretur
590 718 651 764 ad
687 716 1007 764 necessarium
1059 716 1404 776 gubernationi
1455 715 1719 762 Societatis

334 781 464 828 inter
499 797 586 827 nos
621 780 970 829 commercium
1006 781 1103 830 fida
1135 779 1386 828 literarum
1409 780 1723 828 transmissio-

334 861 398 895 ne
434 846 833 893 committendum
857 881 869 893 .

399 926 445 973 7.
471 909 528 957 'Si
565 910 667 974 quis
704 911 958 959 Sociorum
996 926 1102 958 eam
1139 910 1313 960 volens
1358 907 1547 971 culpam
1601 925 1718 956 con-

333 974 595 1034 scisceret,
635 974 697 1022 ob
735 979 876 1040 quam
914 975 1022 1033 ejici
1075 978 1100 1026 ὲ
1150 974 1402 1023 Societate
1456 987 1721 1023 mereretur

333 1045 358 1104 (
394 1040 480 1087 scis
516 1052 679 1088 autem
715 1041 865 1088 talem
901 1040 948 1088 in
984 1040 1143 1101 primis
1179 1056 1278 1087 esse
1300 1036 1605 1101 praefractam
1647 1054 1719 1086 re-

333 1105 640 1153 cusationem
678 1105 1015 1170 obedientiae)
1053 1106 1189 1163 huic,
1229 1104 1363 1162 juxta
1399 1119 1456 1150 ea
1494 1121 1597 1167 quae
1633 1104 1721 1152 tibi

332 1186 468 1218 anno
504 1170 737 1232 superiori
772 1170 1137 1219 communicavi
1174 1173 1201 1218 a
1239 1185 1317 1217 nie
1354 1184 1462 1216 cum
1501 1169 1719 1217 Domino

333 1237 581 1297 Episcopo
617 1234 1189 1299 constituta,imperabis
1226 1239 1274 1283 in
1312 1233 1490 1281 virtute
1526 1241 1717 1283 Sanctae

335 1299 646 1349 Obedientiae
682 1301 765 1348 sub
801 1301 948 1363 poena
984 1297 1505 1349 excommunicationis
1534 1330 1545 1358 ,
1584 1311 1637 1346 ut
1671 1313 1722 1346 se

334 1364 685 1428 quamprimum
722 1365 860 1414 sistat
900 1366 1118 1413 Domino
1156 1364 1426 1424 Episcopo,
1453 1360 1550 1420 eius
1588 1362 1720 1411 dein-

335 1445 446 1491 ceps
483 1430 682 1479 arbitrio
717 1429 1327 1496 gubernandus,quoniam
1361 1427 1493 1474 illum
1531 1427 1590 1476 de
1626 1443 1718 1476 cae-

335 1506 445 1543 tero
479 1495 698 1543 Societas
735 1511 833 1543 non
870 1508 1106 1560 agnoscet
1141 1510 1275 1542 suum
1299 1529 1310 1540 .
1347 1495 1458 1541 Hoc
1494 1492 1559 1540 sic
1594 1495 1621 1541 a
1644 1508 1721 1540 me

340 1560 589 1607 decretum
612 1593 623 1619 ,
645 1559 734 1608 tibi
769 1559 1038 1618 injunctum
1078 1575 1180 1609 esse
1216 1557 1344 1607 clare
1379 1558 1606 1621 profitere
1626 1557 1726 1604 sin·

338 1624 456 1689 gulis
497 1636 768 1673 nostrorum
805 1641 924 1689 quos
961 1626 1100 1674 isthic
1137 1623 1305 1683 habes,
1344 1635 1398 1671 ut
1419 1622 1620 1686 quisque
1653 1621 1726 1668 in-

337 1688 530 1754 telligat
568 1706 664 1753 quo
699 1706 786 1738 suo
825 1690 1038 1753 periculo
1074 1700 1358 1753 peccaturus
1394 1687 1486 1735 sit:
1524 1703 1614 1735 nec
1651 1686 1720 1734 ul-

337 1754 409 1801 lus
444 1755 530 1802 sibi
566 1755 872 1815 blandiatur,
906 1755 1035 1819 quasi
1076 1767 1336 1817 utcumque
1372 1752 1592 1801 remittat
1626 1764 1724 1799 stu-

338 1818 469 1866 dium
507 1820 825 1882 adipiscendae
862 1819 1214 1883 perfectionis,
1266 1820 1321 1870 <Sc
1368 1817 1414 1865 in
1458 1816 1723 1879 'obtempe-

337 1886 492 1932 rando
529 1887 690 1933 tardus
726 1902 784 1933 ac
833 1885 1058 1947 pervicax
1110 1885 1171 1932 sit
1206 1917 1217 1943 ,
1255 1882 1410 1931 nihilo
1457 1897 1505 1930 se
1560 1896 1726 1930 tamen

339 1949 493 1996 minus
529 1963 944 2011 perseveraturum
982 1952 1028 1998 in
1050 1949 1301 1998 Societate
1322 1960 1504 1996 certum
1526 1947 1720 1995 habeat.

339 2016 475 2062 Deus
513 2030 598 2061 nos
634 2015 680 2062 in
716 2017 799 2064 sua
834 2027 1000 2064 sancta
1035 2013 1203 2063 Gloria
1253 2011 1519 2074 coniungat
1556 2043 1568 2069 ,
1605 2027 1719 2058 nam

338 2077 390 2124 in
427 2079 514 2125 hac
551 2079 741 2142 quidem
780 2079 880 2127 vita
916 2094 1015 2128 tam
1054 2078 1226 2128 diversi
1263 2078 1721 2142 peregrinamur,ut

347 2158 632 2191 occursuros
670 2144 937 2208 aliquando
973 2144 1212 2203 invicem,
1237 2143 1362 2190 haud
1400 2139 1725 2191 verisimiliter

344 2221 578 2270 appareat
602 2244 611 2255 .
649 2209 772 2257 Vale
797 2245 807 2256 .

406 2273 609 2322 Malaca
645 2277 764 2324 Xil.
798 2274 903 2323 Kal.
937 2274 1088 2337 Julias
1131 2275 1276 2322 Anno
1328 2270 1720 2329 cloioXLIX.

405 2401 450 2449 8.
486 2401 636 2452 Venit
668 2402 718 2451 in
753 2416 968 2455 mentem
1003 2402 1188 2464 vereri,
1225 2397 1715 2515 occupationeshftst-

1070 2505 1074 2509 .
1606 2479 1648 2513 ic
