<?xml version="1.0" encoding="UTF-8"?>
<!DOCTYPE html PUBLIC "-//W3C//DTD XHTML 1.0 Transitional//EN"
    "http://www.w3.org/TR/xhtml1/DTD/xhtml1-transitional.dtd">
<html xmlns="http://www.w3.org/1999/xhtml" xml:lang="en" lang="en">
 <head>
  <title>
</title>
<meta http-equiv="Content-Type" content="text/html;charset=utf-8" />
  <meta name='ocr-system' content='tesseract 3.04.00' />
  <meta name='ocr-capabilities' content='ocr_page ocr_carea ocr_par ocr_line ocrx_word'/>
</head>
<body>
  <div class='ocr_page' id='page_1' title='image "./sfranciscixaveri02fran_0197.png"; bbox 0 0 1803 3076; ppageno 0'>
   <div class='ocr_carea' id='block_1_1' title="bbox 235 244 1436 314">
    <p class='ocr_par' dir='ltr' id='par_1_1' title="bbox 235 244 1436 314">
     <span class='ocr_line' id='line_1_1' title="bbox 235 244 1436 314; baseline -0.003 -15"><span class='ocrx_word' id='word_1_1' title='bbox 235 244 870 299; x_wconf 78' lang='lat' dir='ltr'>EPISTOLARUM.Lib.</span> <span class='ocrx_word' id='word_1_2' title='bbox 904 247 997 292; x_wconf 83' lang='lat'><strong><em>111.</em></strong></span> <span class='ocrx_word' id='word_1_3' title='bbox 1023 244 1111 308; x_wconf 73' lang='lat' dir='ltr'>Ep.</span> <span class='ocrx_word' id='word_1_4' title='bbox 1147 246 1294 295; x_wconf 73' lang='grc' dir='ltr'><em>ΧΧι.</em></span> <span class='ocrx_word' id='word_1_5' title='bbox 1350 264 1436 314; x_wconf 71' lang='lat'>193</span> 
     </span>
    </p>
   </div>
   <div class='ocr_carea' id='block_1_2' title="bbox 92 338 1511 2354">
    <p class='ocr_par' dir='ltr' id='par_1_2' title="bbox 92 338 1497 729">
     <span class='ocr_line' id='line_1_2' title="bbox 95 338 1496 406; baseline -0.001 -16"><span class='ocrx_word' id='word_1_6' title='bbox 95 345 195 405; x_wconf 81' lang='lat' dir='ltr'>tia,</span> <span class='ocrx_word' id='word_1_7' title='bbox 233 357 378 406; x_wconf 85' lang='lat' dir='ltr'>atque</span> <span class='ocrx_word' id='word_1_8' title='bbox 414 342 630 389; x_wconf 83' lang='lat' dir='ltr'>elatione</span> <span class='ocrx_word' id='word_1_9' title='bbox 669 338 927 401; x_wconf 81' lang='lat' dir='ltr'>deposita,</span> <span class='ocrx_word' id='word_1_10' title='bbox 968 338 1192 386; x_wconf 86' lang='lat' dir='ltr'>omnibus</span> <span class='ocrx_word' id='word_1_11' title='bbox 1228 341 1395 388; x_wconf 85' lang='lat' dir='ltr'>vestris</span> <span class='ocrx_word' id='word_1_12' title='bbox 1449 341 1496 388; x_wconf 90' lang='lat' dir='ltr'>in</span> 
     </span>
     <span class='ocr_line' id='line_1_3' title="bbox 98 405 1495 460; baseline -0.004 0"><span class='ocrx_word' id='word_1_13' title='bbox 98 418 376 460; x_wconf 75' lang='lat' dir='ltr'>actionibus</span> <span class='ocrx_word' id='word_1_14' title='bbox 414 421 511 454; x_wconf 86' lang='lat' dir='ltr'>uno</span> <span class='ocrx_word' id='word_1_15' title='bbox 555 408 666 454; x_wconf 84' lang='lat' dir='ltr'>Deo</span> <span class='ocrx_word' id='word_1_16' title='bbox 716 405 990 452; x_wconf 87' lang='lat' dir='ltr'>nitamini.</span> <span class='ocrx_word' id='word_1_17' title='bbox 1043 406 1155 452; x_wconf 91' lang='lat' dir='ltr'>Hoc</span> <span class='ocrx_word' id='word_1_18' title='bbox 1203 416 1303 451; x_wconf 88' lang='lat' dir='ltr'>tam</span> <span class='ocrx_word' id='word_1_19' title='bbox 1357 405 1495 454; x_wconf 72' lang='lat' dir='ltr'>firmo</span> 
     </span>
     <span class='ocr_line' id='line_1_4' title="bbox 95 469 1495 538; baseline -0.005 -15"><span class='ocrx_word' id='word_1_20' title='bbox 95 474 318 538; x_wconf 71' lang='lat' dir='ltr'>praesidio</span> <span class='ocrx_word' id='word_1_21' title='bbox 340 472 371 517; x_wconf 80' lang='lat' dir='ltr'>si</span> <span class='ocrx_word' id='word_1_22' title='bbox 412 469 579 519; x_wconf 84' lang='lat' dir='ltr'>muniti</span> <span class='ocrx_word' id='word_1_23' title='bbox 598 469 780 518; x_wconf 87' lang='lat' dir='ltr'>fueritis</span> <span class='ocrx_word' id='word_1_24' title='bbox 802 503 812 528; x_wconf 84' lang='grc'>,</span> <span class='ocrx_word' id='word_1_25' title='bbox 838 483 936 518; x_wconf 86' lang='lat' dir='ltr'>tum</span> <span class='ocrx_word' id='word_1_26' title='bbox 961 484 1051 517; x_wconf 89' lang='lat' dir='ltr'>nec</span> <span class='ocrx_word' id='word_1_27' title='bbox 1073 469 1204 533; x_wconf 93' lang='lat' dir='ltr'>quod</span> <span class='ocrx_word' id='word_1_28' title='bbox 1219 472 1279 516; x_wconf 85' lang='lat' dir='ltr'>ad</span> <span class='ocrx_word' id='word_1_29' title='bbox 1305 485 1495 532; x_wconf 66' lang='lat' dir='ltr'>corpus,</span> 
     </span>
     <span class='ocr_line' id='line_1_5' title="bbox 95 536 1496 602; baseline -0.002 -16"><span class='ocrx_word' id='word_1_30' title='bbox 95 555 186 589; x_wconf 81' lang='lat' dir='ltr'>nec</span> <span class='ocrx_word' id='word_1_31' title='bbox 222 541 351 602; x_wconf 81' lang='lat' dir='ltr'>quod</span> <span class='ocrx_word' id='word_1_32' title='bbox 386 537 448 582; x_wconf 74' lang='lat' dir='ltr'>ad</span> <span class='ocrx_word' id='word_1_33' title='bbox 483 538 700 596; x_wconf 85' lang='lat' dir='ltr'>spiritum</span> <span class='ocrx_word' id='word_1_34' title='bbox 737 537 949 594; x_wconf 76' lang='lat' dir='ltr'>attinet,</span> <span class='ocrx_word' id='word_1_35' title='bbox 972 549 1044 582; x_wconf 85' lang='lat' dir='ltr'>res</span> <span class='ocrx_word' id='word_1_36' title='bbox 1090 536 1181 582; x_wconf 86' lang='lat' dir='ltr'>erit</span> <span class='ocrx_word' id='word_1_37' title='bbox 1219 536 1319 582; x_wconf 71' lang='lat' dir='ltr'>ulia</span> <span class='ocrx_word' id='word_1_38' title='bbox 1356 550 1496 583; x_wconf 79' lang='lat' dir='ltr'>tanta</span> 
     </span>
     <span class='ocr_line' id='line_1_6' title="bbox 92 597 1497 665; baseline -0.001 -15"><span class='ocrx_word' id='word_1_39' title='bbox 92 617 294 665; x_wconf 76' lang='lat' dir='ltr'>tamque</span> <span class='ocrx_word' id='word_1_40' title='bbox 338 598 575 660; x_wconf 79' lang='lat' dir='ltr'>difficilis,</span> <span class='ocrx_word' id='word_1_41' title='bbox 615 617 758 664; x_wconf 71' lang='lat' dir='ltr'>quam</span> <span class='ocrx_word' id='word_1_42' title='bbox 796 616 881 649; x_wconf 90' lang='lat' dir='ltr'>vos</span> <span class='ocrx_word' id='word_1_43' title='bbox 918 616 1028 649; x_wconf 83' lang='lat' dir='ltr'>meo</span> <span class='ocrx_word' id='word_1_44' title='bbox 1078 597 1256 660; x_wconf 88' lang='lat' dir='ltr'>judicio</span> <span class='ocrx_word' id='word_1_45' title='bbox 1308 616 1408 648; x_wconf 86' lang='lat' dir='ltr'>non</span> <span class='ocrx_word' id='word_1_46' title='bbox 1444 615 1497 649; x_wconf 69' lang='lat' dir='ltr'>ee</span> 
     </span>
     <span class='ocr_line' id='line_1_7' title="bbox 98 665 989 729; baseline -0.007 -11"><span class='ocrx_word' id='word_1_47' title='bbox 98 669 368 729; x_wconf 61' lang='lat' dir='ltr'>suscipent,</span> <span class='ocrx_word' id='word_1_48' title='bbox 409 668 462 717; x_wconf 75' lang='grc' dir='ltr'>ὅτ</span> <span class='ocrx_word' id='word_1_49' title='bbox 501 678 733 714; x_wconf 66' lang='lat' dir='ltr'>sustinere</span> <span class='ocrx_word' id='word_1_50' title='bbox 770 665 989 728; x_wconf 56' lang='lat' dir='ltr'>possitis.</span> 
     </span>
    </p>

    <p class='ocr_par' dir='ltr' id='par_1_3' title="bbox 92 727 1511 2354">
     <span class='ocr_line' id='line_1_8' title="bbox 162 727 1499 798; baseline 0 -20"><span class='ocrx_word' id='word_1_51' title='bbox 162 750 204 798; x_wconf 80' lang='lat'>5.</span> <span class='ocrx_word' id='word_1_52' title='bbox 257 732 576 793; x_wconf 83' lang='lat' dir='ltr'>Cangox&#39;imae</span> <span class='ocrx_word' id='word_1_53' title='bbox 627 733 648 795; x_wconf 88' lang='lat'>(</span> <span class='ocrx_word' id='word_1_54' title='bbox 700 747 843 794; x_wconf 83' lang='lat' dir='ltr'>quam</span> <span class='ocrx_word' id='word_1_55' title='bbox 883 727 1030 778; x_wconf 79' lang='lat' dir='ltr'>Paulli</span> <span class='ocrx_word' id='word_1_56' title='bbox 1084 727 1236 777; x_wconf 79' lang='lat' dir='ltr'>nostri</span> <span class='ocrx_word' id='word_1_57' title='bbox 1289 729 1499 791; x_wconf 79' lang='lat' dir='ltr'>patriam</span> 
     </span>
     <span class='ocr_line' id='line_1_9' title="bbox 92 795 1499 861; baseline -0.001 -15"><span class='ocrx_word' id='word_1_58' title='bbox 92 802 197 847; x_wconf 68' lang='lat' dir='ltr'>”esse</span> <span class='ocrx_word' id='word_1_59' title='bbox 235 797 549 861; x_wconf 75' lang='lat' dir='ltr'>docuimus)</span> <span class='ocrx_word' id='word_1_60' title='bbox 600 808 704 843; x_wconf 90' lang='lat' dir='ltr'>tum</span> <span class='ocrx_word' id='word_1_61' title='bbox 760 812 788 843; x_wconf 90' lang='lat' dir='ltr'>a</span> <span class='ocrx_word' id='word_1_62' title='bbox 844 795 1231 859; x_wconf 64' lang='lat' dir='ltr'>magistratibus3</span> <span class='ocrx_word' id='word_1_63' title='bbox 1287 808 1387 843; x_wconf 87' lang='lat' dir='ltr'>tum</span> <span class='ocrx_word' id='word_1_64' title='bbox 1437 797 1499 844; x_wconf 88' lang='lat' dir='ltr'>ab</span> 
     </span>
     <span class='ocr_line' id='line_1_10' title="bbox 94 858 1499 924; baseline -0.001 -13"><span class='ocrx_word' id='word_1_65' title='bbox 94 865 324 911; x_wconf 85' lang='lat' dir='ltr'>universo</span> <span class='ocrx_word' id='word_1_66' title='bbox 361 860 543 924; x_wconf 69' lang='lat' dir='ltr'>populo</span> <span class='ocrx_word' id='word_1_67' title='bbox 579 862 769 924; x_wconf 81' lang='lat' dir='ltr'>accepti</span> <span class='ocrx_word' id='word_1_68' title='bbox 807 876 964 907; x_wconf 84' lang='lat' dir='ltr'>sumus</span> <span class='ocrx_word' id='word_1_69' title='bbox 998 858 1204 910; x_wconf 87' lang='lat' dir='ltr'>comiter</span> <span class='ocrx_word' id='word_1_70' title='bbox 1238 862 1499 910; x_wconf 79' lang='lat' dir='ltr'>admodum</span> 
     </span>
     <span class='ocr_line' id='line_1_11' title="bbox 97 926 1500 991; baseline -0.001 -16"><span class='ocrx_word' id='word_1_71' title='bbox 97 943 155 975; x_wconf 86' lang='lat' dir='ltr'>ac</span> <span class='ocrx_word' id='word_1_72' title='bbox 194 927 432 991; x_wconf 80' lang='lat' dir='ltr'>benigne,</span> <span class='ocrx_word' id='word_1_73' title='bbox 472 942 629 975; x_wconf 84' lang='lat' dir='ltr'>novos</span> <span class='ocrx_word' id='word_1_74' title='bbox 667 942 691 973; x_wconf 91' lang='lat' dir='ltr'>e</span> <span class='ocrx_word' id='word_1_75' title='bbox 733 926 979 975; x_wconf 70' lang='lat' dir='ltr'>Lusitania</span> <span class='ocrx_word' id='word_1_76' title='bbox 1027 926 1321 973; x_wconf 77' lang='lat' dir='ltr'>Sacerdotes</span> <span class='ocrx_word' id='word_1_77' title='bbox 1380 942 1500 974; x_wconf 89' lang='lat' dir='ltr'>cun-</span> 
     </span>
     <span class='ocr_line' id='line_1_12' title="bbox 98 988 1501 1054; baseline -0.002 -13"><span class='ocrx_word' id='word_1_78' title='bbox 98 991 192 1041; x_wconf 90' lang='lat' dir='ltr'>ctis</span> <span class='ocrx_word' id='word_1_79' title='bbox 227 1007 322 1039; x_wconf 89' lang='lat' dir='ltr'>non</span> <span class='ocrx_word' id='word_1_80' title='bbox 358 992 460 1040; x_wconf 86' lang='lat' dir='ltr'>sine</span> <span class='ocrx_word' id='word_1_81' title='bbox 484 992 691 1054; x_wconf 84' lang='lat' dir='ltr'>quadam</span> <span class='ocrx_word' id='word_1_82' title='bbox 712 990 1031 1042; x_wconf 79' lang='lat' dir='ltr'>admiratione</span> <span class='ocrx_word' id='word_1_83' title='bbox 1051 988 1501 1039; x_wconf 81' lang='lat' dir='ltr'>visentibus.1’aul-</span> 
     </span>
     <span class='ocr_line' id='line_1_13' title="bbox 95 1054 1500 1122; baseline -0.001 -17"><span class='ocrx_word' id='word_1_84' title='bbox 95 1057 135 1106; x_wconf 83' lang='lat' dir='ltr'>li</span> <span class='ocrx_word' id='word_1_85' title='bbox 169 1072 285 1104; x_wconf 90' lang='lat' dir='ltr'>vero</span> <span class='ocrx_word' id='word_1_86' title='bbox 324 1057 464 1118; x_wconf 85' lang='lat' dir='ltr'>ipsius</span> <span class='ocrx_word' id='word_1_87' title='bbox 502 1054 716 1102; x_wconf 68' lang='lat' dir='ltr'>officium</span> <span class='ocrx_word' id='word_1_88' title='bbox 752 1071 866 1119; x_wconf 84' lang='lat' dir='ltr'>erga</span> <span class='ocrx_word' id='word_1_89' title='bbox 903 1070 987 1102; x_wconf 89' lang='lat' dir='ltr'>nos</span> <span class='ocrx_word' id='word_1_90' title='bbox 1025 1071 1082 1103; x_wconf 87' lang='lat' dir='ltr'>ac</span> <span class='ocrx_word' id='word_1_91' title='bbox 1128 1055 1246 1104; x_wconf 86' lang='lat' dir='ltr'>fides</span> <span class='ocrx_word' id='word_1_92' title='bbox 1302 1058 1500 1122; x_wconf 81' lang='lat' dir='ltr'>egregia</span> 
     </span>
     <span class='ocr_line' id='line_1_14' title="bbox 100 1119 1502 1186; baseline -0.001 -15"><span class='ocrx_word' id='word_1_93' title='bbox 100 1119 357 1171; x_wconf 88' lang='lat' dir='ltr'>constitit.</span> <span class='ocrx_word' id='word_1_94' title='bbox 399 1119 498 1186; x_wconf 81' lang='lat' dir='ltr'>Qi</span> <span class='ocrx_word' id='word_1_95' title='bbox 530 1120 658 1183; x_wconf 87' lang='lat' dir='ltr'>quod</span> <span class='ocrx_word' id='word_1_96' title='bbox 695 1135 744 1167; x_wconf 89' lang='lat' dir='ltr'>se</span> <span class='ocrx_word' id='word_1_97' title='bbox 784 1123 842 1167; x_wconf 88' lang='lat' dir='ltr'>ad</span> <span class='ocrx_word' id='word_1_98' title='bbox 883 1120 1062 1168; x_wconf 76' lang='lat' dir='ltr'>Christi</span> <span class='ocrx_word' id='word_1_99' title='bbox 1098 1135 1293 1185; x_wconf 71' lang='lat' dir='ltr'>gregem</span> <span class='ocrx_word' id='word_1_100' title='bbox 1331 1119 1502 1179; x_wconf 70' lang='lat' dir='ltr'>adjun-</span> 
     </span>
     <span class='ocr_line' id='line_1_15' title="bbox 99 1183 1502 1295; baseline -0.002 -63"><span class='ocrx_word' id='word_1_101' title='bbox 99 1186 204 1245; x_wconf 82' lang='lat' dir='ltr'>xit,</span> <span class='ocrx_word' id='word_1_102' title='bbox 241 1199 545 1248; x_wconf 73' lang='lat' dir='ltr'>nequaquam</span> <span class='ocrx_word' id='word_1_103' title='bbox 583 1183 892 1233; x_wconf 77' lang='lat' dir='ltr'>offenduntur</span> <span class='ocrx_word' id='word_1_104' title='bbox 927 1184 972 1230; x_wconf 85' lang='lat' dir='ltr'>in</span> <span class='ocrx_word' id='word_1_105' title='bbox 1009 1184 1094 1231; x_wconf 82' lang='lat' dir='ltr'>iilo</span> <span class='ocrx_word' id='word_1_106' title='bbox 1109 1185 1502 1295; x_wconf 47' lang='lat' dir='ltr'>dJaponiiAQii.</span> 
     </span>
     <span class='ocr_line' id='line_1_16' title="bbox 102 1248 1500 1317; baseline 0.001 -20"><span class='ocrx_word' id='word_1_107' title='bbox 102 1253 239 1301; x_wconf 87' lang='lat' dir='ltr'>nimo</span> <span class='ocrx_word' id='word_1_108' title='bbox 274 1249 537 1311; x_wconf 73' lang='lat' dir='ltr'>suspiciunt</span> <span class='ocrx_word' id='word_1_109' title='bbox 573 1249 843 1308; x_wconf 75' lang='lat' dir='ltr'>hominem,</span> <span class='ocrx_word' id='word_1_110' title='bbox 880 1248 1010 1313; x_wconf 83' lang='lat' dir='ltr'>quod</span> <span class='ocrx_word' id='word_1_111' title='bbox 1050 1249 1101 1297; x_wconf 87' lang='lat' dir='ltr'>In</span> <span class='ocrx_word' id='word_1_112' title='bbox 1144 1265 1235 1295; x_wconf 85' lang='lat' dir='ltr'>iarn</span> <span class='ocrx_word' id='word_1_113' title='bbox 1275 1266 1500 1317; x_wconf 84' lang='lat' dir='ltr'>peragra—</span> 
     </span>
     <span class='ocr_line' id='line_1_17' title="bbox 101 1313 1502 1380; baseline -0.001 -17"><span class='ocrx_word' id='word_1_114' title='bbox 101 1315 260 1374; x_wconf 79' lang='lat' dir='ltr'>verit,</span> <span class='ocrx_word' id='word_1_115' title='bbox 298 1316 429 1379; x_wconf 86' lang='lat' dir='ltr'>quod</span> <span class='ocrx_word' id='word_1_116' title='bbox 466 1313 573 1377; x_wconf 75' lang='lat' dir='ltr'>ipsis</span> <span class='ocrx_word' id='word_1_117' title='bbox 610 1316 863 1380; x_wconf 82' lang='lat' dir='ltr'>incognita</span> <span class='ocrx_word' id='word_1_118' title='bbox 900 1315 1051 1362; x_wconf 80' lang='lat' dir='ltr'>multa</span> <span class='ocrx_word' id='word_1_119' title='bbox 1099 1314 1321 1362; x_wconf 76' lang='lat' dir='ltr'>didicerit</span> <span class='ocrx_word' id='word_1_120' title='bbox 1353 1349 1363 1361; x_wconf 93' lang='lat'><strong><em>.</em></strong></span> <span class='ocrx_word' id='word_1_121' title='bbox 1400 1322 1502 1366; x_wconf 67' lang='lat' dir='ltr'>Re-</span> 
     </span>
     <span class='ocr_line' id='line_1_18' title="bbox 99 1377 1505 1448; baseline 0.002 -21"><span class='ocrx_word' id='word_1_122' title='bbox 99 1380 239 1448; x_wconf 82' lang='lat' dir='ltr'>gulus</span> <span class='ocrx_word' id='word_1_123' title='bbox 277 1380 471 1445; x_wconf 81' lang='lat' dir='ltr'>quidem</span> <span class='ocrx_word' id='word_1_124' title='bbox 507 1379 771 1442; x_wconf 68' lang='lat' dir='ltr'>ipse2cum</span> <span class='ocrx_word' id='word_1_125' title='bbox 807 1382 867 1428; x_wconf 87' lang='lat' dir='ltr'>ad</span> <span class='ocrx_word' id='word_1_126' title='bbox 903 1395 1013 1427; x_wconf 91' lang='lat' dir='ltr'>eum</span> <span class='ocrx_word' id='word_1_127' title='bbox 1052 1377 1268 1438; x_wconf 72' lang='lat' dir='ltr'>Paullus,</span> <span class='ocrx_word' id='word_1_128' title='bbox 1293 1380 1505 1445; x_wconf 85' lang='lat' dir='ltr'>quinque</span> 
     </span>
     <span class='ocr_line' id='line_1_19' title="bbox 103 1444 1507 1510; baseline 0.001 -18"><span class='ocrx_word' id='word_1_129' title='bbox 103 1444 273 1510; x_wconf 79' lang='lat' dir='ltr'>procui</span> <span class='ocrx_word' id='word_1_130' title='bbox 308 1448 367 1493; x_wconf 87' lang='lat' dir='ltr'>ab</span> <span class='ocrx_word' id='word_1_131' title='bbox 404 1446 586 1506; x_wconf 81' lang='lat' dir='ltr'>oppido</span> <span class='ocrx_word' id='word_1_132' title='bbox 607 1444 756 1493; x_wconf 86' lang='lat' dir='ltr'>leucis</span> <span class='ocrx_word' id='word_1_133' title='bbox 777 1459 1202 1504; x_wconf 76' lang='lat' dir='ltr'>commorantem,</span> <span class='ocrx_word' id='word_1_134' title='bbox 1238 1447 1507 1493; x_wconf 78' lang='lat' dir='ltr'>salutatum</span> 
     </span>
     <span class='ocr_line' id='line_1_20' title="bbox 106 1509 1508 1573; baseline 0 -15"><span class='ocrx_word' id='word_1_135' title='bbox 106 1510 385 1559; x_wconf 85' lang='lat' dir='ltr'>accessisset</span> <span class='ocrx_word' id='word_1_136' title='bbox 429 1509 627 1561; x_wconf 82' lang='lat' dir='ltr'>honoris</span> <span class='ocrx_word' id='word_1_137' title='bbox 678 1526 854 1571; x_wconf 79' lang='lat' dir='ltr'>causa,</span> <span class='ocrx_word' id='word_1_138' title='bbox 907 1510 1190 1573; x_wconf 82' lang='lat' dir='ltr'>pictamque</span> <span class='ocrx_word' id='word_1_139' title='bbox 1242 1525 1288 1556; x_wconf 90' lang='lat' dir='ltr'>in</span> <span class='ocrx_word' id='word_1_140' title='bbox 1340 1511 1508 1558; x_wconf 79' lang='lat' dir='ltr'>tabula</span> 
     </span>
     <span class='ocr_line' id='line_1_21' title="bbox 108 1575 1509 1642; baseline 0 -19"><span class='ocrx_word' id='word_1_141' title='bbox 108 1577 131 1640; x_wconf 90' lang='lat'>(</span> <span class='ocrx_word' id='word_1_142' title='bbox 168 1591 309 1637; x_wconf 88' lang='lat' dir='ltr'>quam</span> <span class='ocrx_word' id='word_1_143' title='bbox 347 1589 407 1622; x_wconf 88' lang='lat' dir='ltr'>ex</span> <span class='ocrx_word' id='word_1_144' title='bbox 445 1575 582 1622; x_wconf 82' lang='lat' dir='ltr'>India</span> <span class='ocrx_word' id='word_1_145' title='bbox 618 1576 897 1625; x_wconf 82' lang='lat' dir='ltr'>adveximus</span> <span class='ocrx_word' id='word_1_146' title='bbox 932 1586 955 1642; x_wconf 84' lang='lat'><strong><em>)</em></strong></span> <span class='ocrx_word' id='word_1_147' title='bbox 986 1577 1166 1626; x_wconf 75' lang='lat' dir='ltr'>Christi</span> <span class='ocrx_word' id='word_1_148' title='bbox 1190 1575 1395 1623; x_wconf 85' lang='lat' dir='ltr'>Domini</span> <span class='ocrx_word' id='word_1_149' title='bbox 1417 1591 1509 1623; x_wconf 91' lang='lat' dir='ltr'>no-</span> 
     </span>
     <span class='ocr_line' id='line_1_22' title="bbox 105 1639 1507 1707; baseline 0.001 -20"><span class='ocrx_word' id='word_1_150' title='bbox 105 1641 214 1700; x_wconf 84' lang='lat' dir='ltr'>stri,</span> <span class='ocrx_word' id='word_1_151' title='bbox 254 1641 306 1692; x_wconf 73' lang='lat'>31</span> <span class='ocrx_word' id='word_1_152' title='bbox 343 1639 653 1688; x_wconf 71' lang='lat' dir='ltr'>sanctissimae</span> <span class='ocrx_word' id='word_1_153' title='bbox 693 1640 900 1707; x_wconf 81' lang='lat' dir='ltr'>Virginis</span> <span class='ocrx_word' id='word_1_154' title='bbox 939 1641 1111 1689; x_wconf 84' lang='lat' dir='ltr'>Matris</span> <span class='ocrx_word' id='word_1_155' title='bbox 1158 1655 1321 1688; x_wconf 87' lang='lat' dir='ltr'>secum</span> <span class='ocrx_word' id='word_1_156' title='bbox 1374 1654 1507 1689; x_wconf 85' lang='lat' dir='ltr'>attu-</span> 
     </span>
     <span class='ocr_line' id='line_1_23' title="bbox 107 1705 1508 1771; baseline -0.001 -16"><span class='ocrx_word' id='word_1_157' title='bbox 107 1705 241 1755; x_wconf 79' lang='lat' dir='ltr'>lisset</span> <span class='ocrx_word' id='word_1_158' title='bbox 275 1705 574 1769; x_wconf 83' lang='lat' dir='ltr'>imaginem;</span> <span class='ocrx_word' id='word_1_159' title='bbox 613 1721 907 1771; x_wconf 78' lang='lat' dir='ltr'>magnopere</span> <span class='ocrx_word' id='word_1_160' title='bbox 944 1706 1085 1768; x_wconf 85' lang='lat' dir='ltr'>ipsius</span> <span class='ocrx_word' id='word_1_161' title='bbox 1121 1705 1335 1754; x_wconf 85' lang='lat' dir='ltr'>adventu</span> <span class='ocrx_word' id='word_1_162' title='bbox 1386 1707 1508 1754; x_wconf 78' lang='lat' dir='ltr'>con-&#39;</span> 
     </span>
     <span class='ocr_line' id='line_1_24' title="bbox 105 1770 1508 1837; baseline 0.001 -18"><span class='ocrx_word' id='word_1_163' title='bbox 105 1785 364 1837; x_wconf 73' lang='lat' dir='ltr'>gressuque</span> <span class='ocrx_word' id='word_1_164' title='bbox 400 1772 586 1821; x_wconf 80' lang='lat' dir='ltr'>laetatus</span> <span class='ocrx_word' id='word_1_165' title='bbox 623 1784 726 1819; x_wconf 90' lang='lat' dir='ltr'>est:</span> <span class='ocrx_word' id='word_1_166' title='bbox 767 1770 1020 1834; x_wconf 87' lang='lat' dir='ltr'>multaque</span> <span class='ocrx_word' id='word_1_167' title='bbox 1067 1771 1126 1818; x_wconf 89' lang='lat' dir='ltr'>de</span> <span class='ocrx_word' id='word_1_168' title='bbox 1164 1772 1508 1820; x_wconf 85' lang='lat' dir='ltr'>Lusitanorum</span> 
     </span>
     <span class='ocr_line' id='line_1_25' title="bbox 107 1834 1511 1900; baseline 0 -16"><span class='ocrx_word' id='word_1_169' title='bbox 107 1834 319 1885; x_wconf 88' lang='lat' dir='ltr'>moribus</span> <span class='ocrx_word' id='word_1_170' title='bbox 354 1835 510 1900; x_wconf 80' lang='lat' dir='ltr'>deque</span> <span class='ocrx_word' id='word_1_171' title='bbox 558 1836 761 1898; x_wconf 82' lang='lat' dir='ltr'>imperio</span> <span class='ocrx_word' id='word_1_172' title='bbox 807 1846 938 1899; x_wconf 85' lang='lat' dir='ltr'>quod</span> <span class='ocrx_word' id='word_1_173' title='bbox 986 1835 1217 1885; x_wconf 76' lang='lat' dir='ltr'>obtinent</span> <span class='ocrx_word' id='word_1_174' title='bbox 1266 1835 1313 1882; x_wconf 86' lang='lat' dir='ltr'>in</span> <span class='ocrx_word' id='word_1_175' title='bbox 1370 1837 1511 1884; x_wconf 66' lang='lat' dir='ltr'>Iniia</span> 
     </span>
     <span class='ocr_line' id='line_1_26' title="bbox 107 1900 1511 1966; baseline -0.001 -17"><span class='ocrx_word' id='word_1_176' title='bbox 107 1900 680 1966; x_wconf 79' lang='lat' dir='ltr'>percontatus,denique</span> <span class='ocrx_word' id='word_1_177' title='bbox 716 1901 1004 1963; x_wconf 75' lang='lat' dir='ltr'>prolatama</span> <span class='ocrx_word' id='word_1_178' title='bbox 1044 1900 1241 1960; x_wconf 83' lang='lat' dir='ltr'>Paullo,</span> <span class='ocrx_word' id='word_1_179' title='bbox 1263 1916 1407 1964; x_wconf 85' lang='lat' dir='ltr'>quam</span> <span class='ocrx_word' id='word_1_180' title='bbox 1441 1901 1511 1949; x_wconf 89' lang='lat' dir='ltr'>di-</span> 
     </span>
     <span class='ocr_line' id='line_1_27' title="bbox 109 1965 1511 2032; baseline -0.001 -18"><span class='ocrx_word' id='word_1_181' title='bbox 109 1967 192 2024; x_wconf 79' lang='lat' dir='ltr'>xi,</span> <span class='ocrx_word' id='word_1_182' title='bbox 233 1965 519 2031; x_wconf 65' lang='lat' dir='ltr'>imaginem,</span> <span class='ocrx_word' id='word_1_183' title='bbox 558 1968 693 2014; x_wconf 86' lang='lat' dir='ltr'>nixus</span> <span class='ocrx_word' id='word_1_184' title='bbox 740 1968 939 2032; x_wconf 83' lang='lat' dir='ltr'>genibus</span> <span class='ocrx_word' id='word_1_185' title='bbox 989 1967 1216 2015; x_wconf 83' lang='lat' dir='ltr'>adoravit</span> <span class='ocrx_word' id='word_1_186' title='bbox 1269 1966 1511 2029; x_wconf 83' lang='lat' dir='ltr'>supplex:</span> 
     </span>
     <span class='ocr_line' id='line_1_28' title="bbox 110 2029 1510 2095; baseline -0.001 -16"><span class='ocrx_word' id='word_1_187' title='bbox 110 2043 257 2095; x_wconf 88' lang='lat' dir='ltr'>atque</span> <span class='ocrx_word' id='word_1_188' title='bbox 292 2030 338 2077; x_wconf 85' lang='lat' dir='ltr'>id</span> <span class='ocrx_word' id='word_1_189' title='bbox 374 2045 525 2087; x_wconf 76' lang='lat' dir='ltr'>ipsum</span> <span class='ocrx_word' id='word_1_190' title='bbox 564 2031 663 2079; x_wconf 86' lang='lat' dir='ltr'>fieri</span> <span class='ocrx_word' id='word_1_191' title='bbox 700 2033 760 2079; x_wconf 88' lang='lat' dir='ltr'>ab</span> <span class='ocrx_word' id='word_1_192' title='bbox 796 2032 1021 2080; x_wconf 87' lang='lat' dir='ltr'>omnibus</span> <span class='ocrx_word' id='word_1_193' title='bbox 1053 2031 1132 2095; x_wconf 86' lang='lat' dir='ltr'>qui</span> <span class='ocrx_word' id='word_1_194' title='bbox 1161 2029 1396 2090; x_wconf 84' lang='lat' dir='ltr'>aderant,</span> <span class='ocrx_word' id='word_1_195' title='bbox 1424 2034 1510 2078; x_wconf 86' lang='lat' dir='ltr'>im-</span> 
     </span>
     <span class='ocr_line' id='line_1_29' title="bbox 110 2093 1511 2160; baseline -0.001 -18"><span class='ocrx_word' id='word_1_196' title='bbox 110 2093 331 2159; x_wconf 83' lang='lat' dir='ltr'>peravit.</span> <span class='ocrx_word' id='word_1_197' title='bbox 371 2096 585 2143; x_wconf 81' lang='lat' dir='ltr'>Eandem</span> <span class='ocrx_word' id='word_1_198' title='bbox 638 2098 974 2159; x_wconf 85' lang='lat' dir='ltr'>contemplata</span> <span class='ocrx_word' id='word_1_199' title='bbox 1025 2112 1138 2143; x_wconf 74' lang='lat' dir='ltr'>mox</span> <span class='ocrx_word' id='word_1_200' title='bbox 1177 2096 1355 2160; x_wconf 82' lang='lat' dir='ltr'>Reguli</span> <span class='ocrx_word' id='word_1_201' title='bbox 1389 2111 1511 2158; x_wconf 88' lang='lat' dir='ltr'>quo-</span> 
     </span>
     <span class='ocr_line' id='line_1_30' title="bbox 112 2156 1511 2226; baseline 0.001 -20"><span class='ocrx_word' id='word_1_202' title='bbox 112 2175 205 2224; x_wconf 87' lang='lat' dir='ltr'>que</span> <span class='ocrx_word' id='word_1_203' title='bbox 243 2173 439 2218; x_wconf 73' lang='lat' dir='ltr'>mater,</span> <span class='ocrx_word' id='word_1_204' title='bbox 480 2176 704 2226; x_wconf 84' lang='lat' dir='ltr'>magnam</span> <span class='ocrx_word' id='word_1_205' title='bbox 756 2164 888 2224; x_wconf 80' lang='lat' dir='ltr'>cepit</span> <span class='ocrx_word' id='word_1_206' title='bbox 939 2160 1313 2211; x_wconf 80' lang='lat' dir='ltr'>admirationem</span> <span class='ocrx_word' id='word_1_207' title='bbox 1366 2156 1511 2208; x_wconf 87' lang='lat' dir='ltr'>simul</span> 
     </span>
     <span class='ocr_line' id='line_1_31' title="bbox 108 2224 1509 2289; baseline 0.001 -17"><span class='ocrx_word' id='word_1_208' title='bbox 108 2240 167 2272; x_wconf 74' lang='lat' dir='ltr'>ac</span> <span class='ocrx_word' id='word_1_209' title='bbox 205 2224 546 2286; x_wconf 78' lang='lat' dir='ltr'>voluptatem.</span> <span class='ocrx_word' id='word_1_210' title='bbox 588 2228 761 2289; x_wconf 87' lang='lat' dir='ltr'>Itaque</span> <span class='ocrx_word' id='word_1_211' title='bbox 798 2227 961 2288; x_wconf 88' lang='lat' dir='ltr'>paucis</span> <span class='ocrx_word' id='word_1_212' title='bbox 999 2239 1108 2289; x_wconf 83' lang='lat' dir='ltr'>post</span> <span class='ocrx_word' id='word_1_213' title='bbox 1146 2225 1311 2273; x_wconf 89' lang='lat' dir='ltr'>diebus</span> <span class='ocrx_word' id='word_1_214' title='bbox 1364 2239 1509 2289; x_wconf 84' lang='lat' dir='ltr'>quam</span> 
     </span>
     <span class='ocr_line' id='line_1_32' title="bbox 110 2287 1510 2354; baseline -0.001 -15"><span class='ocrx_word' id='word_1_215' title='bbox 110 2287 299 2339; x_wconf 83' lang='lat' dir='ltr'>Paullus</span> <span class='ocrx_word' id='word_1_216' title='bbox 337 2291 691 2354; x_wconf 85' lang='lat' dir='ltr'>Cangoximam</span> <span class='ocrx_word' id='word_1_217' title='bbox 728 2293 898 2352; x_wconf 70' lang='lat' dir='ltr'>rediit,</span> <span class='ocrx_word' id='word_1_218' title='bbox 936 2293 1064 2341; x_wconf 89' lang='lat' dir='ltr'>misit</span> <span class='ocrx_word' id='word_1_219' title='bbox 1099 2290 1271 2338; x_wconf 84' lang='lat' dir='ltr'>mulier</span> <span class='ocrx_word' id='word_1_220' title='bbox 1306 2305 1384 2352; x_wconf 89' lang='lat' dir='ltr'>qui</span> <span class='ocrx_word' id='word_1_221' title='bbox 1426 2289 1510 2338; x_wconf 89' lang='lat' dir='ltr'>de-</span> 
     </span>
    </p>
   </div>
   <div class='ocr_carea' id='block_1_3' title="bbox 108 2353 1508 2471">
    <p class='ocr_par' dir='ltr' id='par_1_4' title="bbox 108 2353 1508 2471">
     <span class='ocr_line' id='line_1_33' title="bbox 108 2353 1508 2470; baseline 0.004 -70"><span class='ocrx_word' id='word_1_222' title='bbox 108 2353 394 2469; x_wconf 31' lang='lat' dir='ltr'>sumendum</span> <span class='ocrx_word' id='word_1_223' title='bbox 430 2356 531 2416; x_wconf 80' lang='lat' dir='ltr'>ejus</span> <span class='ocrx_word' id='word_1_224' title='bbox 567 2356 853 2470; x_wconf 52' lang='lat' dir='ltr'>exempluilnI</span> <span class='ocrx_word' id='word_1_225' title='bbox 879 2357 1046 2423; x_wconf 87' lang='lat' dir='ltr'>aliquo</span> <span class='ocrx_word' id='word_1_226' title='bbox 1081 2357 1230 2405; x_wconf 78' lang='lat' dir='ltr'>modo</span> <span class='ocrx_word' id='word_1_227' title='bbox 1278 2365 1508 2415; x_wconf 72' lang='lat' dir='ltr'>curaret,</span> 
     </span>
     <span class='ocr_line' id='line_1_34' title="bbox 158 2427 1447 2471; baseline 0.003 -4"><span class='ocrx_word' id='word_1_228' title='bbox 158 2436 240 2468; x_wconf 85' lang='lat' dir='ltr'>om.</span> <span class='ocrx_word' id='word_1_229' title='bbox 274 2427 343 2467; x_wconf 77' lang='lat'>11.</span> <span class='ocrx_word' id='word_1_230' title='bbox 1362 2435 1447 2471; x_wconf 82' lang='lat' dir='ltr'>ve·</span> 
     </span>
    </p>
   </div>
  </div>
 </body>
</html>
