1803 3076
352 298 449 364 148
580 279 1056 345 ”s.FRANC1sc1
1091 293 1381 345 XAVERH

272 403 426 440 tatus
459 406 593 454 sum,
631 404 683 441 ut
719 393 844 455 prius
881 410 1024 459 quam
1061 402 1357 455 tempestate
1393 387 1525 436 illa
1513 389 1679 438 interi·

285 472 475 515 semus,
511 457 619 505 ilios
655 459 873 506 homines
908 461 968 505 ad
1001 474 1134 505 snam
1156 459 1417 521 imaginem
1451 470 1675 519 procrea-

288 534 369 569 tos
406 522 554 570 tantis
591 527 790 587 tamque
828 525 984 584 impiis
1021 524 1257 570 erroribus
1294 521 1558 579 liberaret3
1594 534 1679 568 aut

286 586 328 634 si
365 587 412 633 in
447 588 612 633 iisdem
650 586 824 633 versari
861 588 1097 634 erroribus
1134 590 1343 646 sineret,
1379 587 1511 632 certe
1546 600 1680 631 com—

287 651 422 698 muni
457 653 583 699 hosti
618 651 801 698 iliarum
837 652 1232 722 superstitionum
1267 650 1453 698 auctori
1487 651 1682 713 gravio-

286 731 363 764 res
399 717 720 763 constitueret
755 729 1029 773 cruciatus,
1066 718 1257 778 quoties
1294 716 1590 762 navarchum
1623 714 1682 762 ad

294 792 448 828 sortes
485 781 730 828 ducendas
747 792 926 845 ,atque
964 782 1024 828 ad
1060 795 1106 827 se
1141 795 1228 843 pro
1267 781 1384 826 Deo
1421 779 1682 829 colendum

289 843 595 906 impelleret.

359 925 402 974 7.
437 910 510 958 Eo
547 909 681 971 ipso,
719 925 816 973 quo
853 908 990 957 nobis
1037 911 1136 958 haec
1191 908 1506 956 incommoda
1559 907 1684 956 acci-

288 975 494 1032 derunt,
532 975 638 1033 die,
674 990 731 1022 ac
771 988 918 1023 nocte
953 973 1265 1039 insequenti,
1286 974 1437 1021 multa
1474 976 1566 1021 Dei
1603 975 1683 1021 be·

289 1039 471 1088 neficio
507 1038 684 1087 sentire
721 1040 834 1088 mihi
873 1054 1021 1102 atque
1045 1039 1250 1101 experiri
1273 1037 1483 1104 contigit
1504 1039 1562 1086 de
1582 1054 1685 1086 ma-

287 1104 430 1154 ximis
465 1104 756 1164 terroribus,
781 1121 899 1167 quos
922 1105 1137 1153 diabolus
1175 1102 1457 1152 facultatem
1495 1118 1679 1162 nactus,

288 1168 390 1219 Dei
427 1170 681 1231 permissu,
720 1172 892 1217 timidis
930 1171 1256 1242 expositisque
1302 1169 1574 1217 hominibus
1610 1170 1682 1215 in·

289 1233 450 1282 cutit.
486 1237 706 1297 Itemque
742 1235 798 1282 de
836 1235 1089 1307 praesidiis,
1127 1237 1295 1305 quibus
1333 1234 1419 1281 tali
1454 1233 1500 1280 in
1537 1249 1586 1280 re
1622 1248 1680 1280 ac

291 1310 520 1360 tempore
555 1312 728 1347 contra
763 1300 911 1348 hostis
948 1301 1155 1362 impetus
1192 1312 1253 1346 Sit
1275 1299 1539 1346 utendum.
1559 1301 1682 1363 Qiae

291 1362 490 1434 quidem
527 1364 613 1411 etsi
652 1380 748 1410 non
786 1364 975 1412 inutilia
1011 1377 1120 1411 sunt
1140 1365 1372 1428 cognitu,
1393 1377 1557 1412 tamen
1579 1363 1686 1410 bre-

289 1441 459 1477 vitatis
496 1430 640 1478 causa
675 1442 939 1489 praetereo.
976 1432 1172 1477 Summa
1210 1431 1290 1476 illa
1328 1441 1429 1488 est,
1484 1427 1687 1477 certissi-

289 1508 522 1556 mumque
558 1495 922 1566 praesidium,ut
958 1509 1132 1543 contra
1153 1495 1342 1542 hostem
1371 1509 1550 1559 magno
1571 1510 1684 1556 prae·

292 1561 522 1621 sentique
558 1575 725 1607 animo
764 1561 852 1618 sis,
890 1560 978 1608 tini
1014 1560 1204 1622 penitus
1240 1533 1676 1617 diffidens³³‚&fre-

294 1635 372 1672 tus
411 1626 558 1671 Deo
547 1638 634 1684 ,ut
670 1622 901 1673 videlicet
937 1624 985 1672 in
1024 1624 1111 1671 illo
1148 1640 1253 1688 spes
1271 1640 1439 1672 omnes
1463 1639 1519 1671 ac
1556 1625 1679 1671 vires

293 1700 404 1737 tuas
449 1687 636 1737 locatas
658 1689 871 1749 habeas;
908 1705 963 1737 ac
1001 1689 1135 1737 nullo
1185 1690 1333 1737 modo
1369 1689 1690 1761 committas,

296 1763 351 1801 ut
403 1752 488 1800 tali
540 1770 598 1802 ac
632 1767 776 1802 tanto
814 1752 1068 1802 defensore
1119 1770 1174 1802 ac
1226 1770 1436 1826 patrono
1489 1754 1689 1810 timere,

294 1828 382 1866 aut
401 1817 460 1865 de
487 1820 692 1867 victoria
728 1818 949 1867 dubitare
987 1819 1213 1867 videaris
1253 1825 1325 1868 Ac
1361 1817 1471 1867 mihi
1521 1835 1690 1882 persae-

295 1885 358 1946 pe
409 1882 644 1932 veniebat
680 1884 727 1932 in
764 1897 1005 1942 mentem,
1029 1884 1064 1930 si
1092 1887 1221 1932 Deus
1257 1901 1367 1933 meo
1405 1898 1576 1948 rogatu
1597 1884 1688 1930 dae-

299 1946 461 1997 monis
509 1949 742 2012 supplicia
774 1964 832 1995 ac
867 1964 1034 2011 poenas
1070 1950 1323 2008 auxisset,
1361 1947 1502 2000 facile
1558 1948 1692 1996 illum

296 2027 441 2083 posse
477 2011 525 2059 in
550 2029 626 2062 me
662 2013 826 2061 odium
863 2030 921 2061 ac
956 2014 1050 2062 rab
1060 2029 1135 2061 em
1171 2028 1491 2077 expromere:
1521 2014 1689 2076 saepius

295 2091 427 2125 emm
479 2079 593 2126 mihi
629 2077 859 2126 minitans
896 2078 1247 2139 denuntiabat,
1281 2093 1466 2127 venisse
1503 2091 1693 2141 tempus

297 2140 563 2192 ulciscendi
600 2142 780 2192 doloris
814 2143 918 2191 sui.

363 2213 410 2256 ὅ.
450 2207 624 2257 Verum
660 2224 767 2255 cum
806 2209 924 2256 nihil
962 2206 1042 2256 ille
1079 2224 1256 2257 nocere
1292 2209 1520 2272 cuiquam
1571 2222 1683 2270 pos-

298 2273 393 2331 sit,
445 2269 535 2320 nisi
582 2273 745 2339 quoad
802 2275 937 2321 Deus
999 2272 1102 2336 ipse
1164 2275 1419 2338 peimittat
1469 2307 1482 2332 ,
1534 2274 1684 2337 magIS

294 2351 359 2384 eo
407 2348 630 2400 tempore
686 2340 762 2404 De
768 2337 780 2384 i
820 2335 1057 2387 diffidenti
1064 2355 1090 2386 a
1123 2339 1344 2387 timenda
1379 2351 1482 2397 est,
1532 2341 1675 2403 quam

297 2399 511 2465 impetus
546 2401 765 2453 inimici.
783 2402 979 2454 Etenim
997 2404 1125 2454 hosti
1160 2403 1403 2469 permittit
1442 2406 1609 2461 DeuS,
1629 2413 1684 2450 ut

1519 2483 1626 2516 eos-
