1803 3076
191 294 693 345 EPISTOLARUM.
733 293 834 340 Lib.
872 294 963 339 ΙΙΙ.
997 281 1084 353 Ep.
1120 290 1213 338 XI.
1274 294 1359 341 101

48 408 160 455 pam
201 388 403 448 fuerint,
440 387 598 453 spargi
634 404 716 450 per
751 403 946 445 manus,
985 387 1040 438 &
1076 383 1277 448 publicis
1335 383 1434 434 edi·

41 456 254 505 tionibus
290 455 639 501 communicari
675 453 822 502 etiam
861 465 1038 501 extens
1079 451 1435 513 possintznoio

48 522 172 569 enim
211 531 260 566 te
297 517 450 581 fugiat
487 520 656 581 expeti
710 519 1109 566 Commentarios
1162 514 1261 563 illic
1309 515 1433 564 tales

47 602 105 634 ex
144 598 241 632 tam
277 582 553 647 longinquis
594 583 831 645 partibus,
874 584 928 634 &
963 582 1135 644 cupide
1185 597 1270 643 per
1320 581 1434 629 His-

47 650 268 713 paniam,
310 648 541 707 Italiam,
580 649 788 712 alibique
825 647 950 712 legi,
1001 651 1099 710 quo
1136 644 1280 710 magis
1318 660 1437 694 con·

41 716 174 762 venit
198 731 240 773 p<-
259 713 424 760 culiari
449 717 475 761 a
499 714 634 761 nobis
657 713 975 761 accuratione
991 720 1046 760 ac
1066 711 1297 760 cautione
1332 712 1434 759 haec

44 795 145 843 quae
183 779 296 826 illuc
332 778 564 826 mittimus
600 777 868 837 conscribi,
904 790 957 825 ut
1007 793 1109 840 quae
1162 777 1210 823 in
1264 788 1435 824 manus

45 860 143 891 nan
181 844 445 890 amicorum
483 841 766 891 solum.sed
804 845 966 905 parurn
985 843 1133 890 etiam
1154 856 1433 905 aequorum,

48 909 286 956 interdum
341 909 396 959 <Sc
448 907 721 955 invidorum
787 906 1178 970 infensorumque
1232 918 1437 954 ventura

43 987 190 1032 sunt,
229 973 478 1029 omnibus,
517 972 551 1018 si
589 973 688 1020 fieri
730 985 915 1032 potest,
954 970 1292 1027 satisfaciant,
1331 986 1436 1019 orn·

49 1053 130 1086 nes
166 1039 225 1084 ad
268 1041 378 1085 Deo
416 1038 469 1087 <31
505 1037 731 1084 Ecclesiae
763 1051 940 1085 sanctae
958 1037 1299 1103 gratulandum
1321 1051 1433 1099 pro-

48 1115 261 1150 vocent:
300 1104 431 1150 certe
473 1100 652 1148 n.mini
691 1101 970 1149 offensionis
1007 1115 1091 1150 aut
1126 1101 1327 1150 sinistrae
1365 1100 1438 1147 in-

47 1165 411 1229 terpretationis
445 1181 611 1212 ansam
650 1168 897 1228 praebeant
932 1165 1203 1231 legitimam
1237 1202 1248 1213 .
1285 1163 1439 1213 simili

50 1247 243 1295 quoque
281 1243 567 1295 argumento
605 1231 687 1278 des
725 1230 869 1278 velim
908 1230 1190 1294 Encyclicas
1225 1231 1284 1278 ad
1320 1246 1438 1278 cun·

46 1307 154 1343 ctos
193 1298 374 1343 Fratres
413 1310 605 1344 nostros
641 1311 723 1355 per
764 1297 953 1344 Indiam
990 1329 1002 1355 ,
1039 1311 1140 1361 quae
1177 1293 1288 1342 illos
1345 1297 1433 1343 im-

47 1360 261 1422 pertiant
299 1358 462 1408 faustis
500 1361 677 1408 nuntiis
713 1376 868 1410 rerum
908 1362 1034 1425 apud
1086 1375 1170 1410 vos
1216 1361 1278 1408 ad
1330 1358 1431 1409 Dei

45 1424 263 1474 Gloriam
302 1421 512 1473 feliciter
546 1440 787 1490 gestarum
811 1462 824 1475 .

107 1493 155 1540 6.
192 1493 315 1538 Cum
351 1493 470 1538 vero
505 1507 612 1538 usus
650 1489 875 1540 inciderit
925 1488 1201 1553 postulandi
1250 1487 1435 1553 aliquid

38 1557 65 1604 ὲ
91 1555 307 1603 Domino
330 1557 568 1615 Praetore,
598 1560 722 1605 anta
753 1555 973 1606 Domino
998 1556 1240 1618 Episcopo
1263 1574 1275 1615 ;
1295 1568 1348 1603 ut
1386 1555 1436 1604 id

37 1620 125 1669 tibi
163 1636 247 1670 suo
285 1620 562 1669 interventu
588 1623 848 1683 conficiat,
878 1622 1075 1684 privatis
1097 1620 1270 1669 litteris
1293 1636 1437 1685 roga-

42 1685 114 1733 bis
167 1685 430 1734 Antonium
482 1687 821 1748 Gomezium3
876 1692 902 1737 a
939 1704 1036 1751 quo
1091 1685 1269 1745 etiam,
1307 1684 1438 1749 quod

41 1752 102 1798 ai
157 1750 338 1798 victum
395 1753 722 1815 vestitumque
781 1766 1053 1800 nostrorum
1092 1751 1180 1799 tibi
1218 1752 1310 1799 erit
1351 1765 1436 1799 ne·

43 1815 347 1870 cessarium,
386 1829 521 1878 petes
559 1834 569 1864 :
608 1817 715 1865 huic
769 1817 946 1881 quippe
983 1815 1237 1875 mandavi,
1274 1828 1435 1864 utvo=

41 1880 112 1930 bis
166 1881 227 1928 ad
279 1881 397 1929 talia
450 1888 623 1943 praesto
675 1896 847 1942 esset3
902 1899 956 1930 ac
1008 1883 1118 1931 vitae
1173 1880 1384 1931 subsidia
1418 1912 1432 1940 ‚

42 1945 211 2008 quibus
284 1961 367 1993 vos
437 1962 578 2011 egere
643 1947 977 2012 sign³ficaretis
1033 1981 1043 2004 ,
1103 1962 1187 2010 per
1257 1960 1435 1995 navem

43 2010 153 2059 Goa
206 2010 458 2059 Molucum
514 2012 639 2059 mitti
697 2014 956 2075 quotannis
1005 2011 1243 2071 solitam,
1301 2012 1435 2062 recte.¹

46 2074 200 2123 isthuc
246 2074 532 2138 perferenda
586 2077 750 2125 omnia
804 2089 999 2126 curaret
1031 2114 1043 2124 .
1077 2079 1328 2126 Postremo
1357 2091 1436 2124 me

41 2140 102 2188 de
137 2140 319 2188 cunctis
357 2157 459 2201 quae
495 2142 621 2189 circa
672 2141 860 2191 labores
901 2156 1108 2200 vestros,
1145 2141 1275 2191 circa
1316 2144 1433 2189 Prae-

43 2203 300 2253 dicationis
349 2206 659 2272 Evangelicae
708 2223 1026 2268 successum,
1092 2208 1221 2256 circa
1291 2205 1432 2254 disci-

43 2269 223 2332 plinam
259 2271 609 2332 domesticam,
647 2287 1046 2338 progressumque
1083 2272 1132 2320 in
1170 2270 1434 2320 virtutibus

42 2334 257 2382 omnium
310 2350 581 2386 nostrorum
614 2371 625 2396 ‚
664 2338 786 2388 bene
841 2350 926 2386 aut
976 2353 1113 2387 secus
1164 2336 1428 2397 evenient,

41 2399 303 2450 certiorem
339 2397 499 2452 facere
550 2402 761 2461 curabis,
798 2400 1015 2467 epistolis
1071 2401 1291 2516 minimef
1323 2400 1432 2463 pei:-

671 2469 718 2517 G
749 2483 776 2535 3
1285 2480 1372 2516 un·
