1803 3076
174 300 808 357 EPISTOLARUM.Lib.
844 301 1220 363 lV.Ep.XL1V.
1286 314 1380 366 471

77 398 191 448 mihi
230 399 331 447 vita
368 394 542 452 taedio,
579 409 706 442 mors
739 393 790 441 in
826 407 949 444 voto
986 408 1059 444 est
1099 414 1112 456 ;
1150 394 1324 444 frustra
1375 408 1456 444 ta-

74 480 185 512 men
221 465 425 511 humana
459 459 707 508 curiositas
747 461 1063 509 conflictetui‘
1111 458 1237 507 circa
1288 461 1458 508 horam

75 529 170 577 mei
206 528 403 585 obitus,
435 529 577 588 quam
613 537 798 572 aeterno
834 527 1000 590 utique
1039 527 1242 573 decreto
1279 526 1454 586 fixam,

79 609 169 641 nec
203 591 460 655 praecipere
496 605 583 637 nec
619 590 794 637 morari
819 607 952 638 vanae
975 590 1228 662 opiniones
1259 603 1460 653 queant.

78 661 192 707 Hoc
228 671 464 703 monitum
504 659 564 702 eo
602 655 844 715 pertinet,
877 656 947 703 uti
983 672 1043 703 ne
1079 654 1214 702 nimis
1250 655 1463 703 tribuen-

80 724 189 770 dum
226 720 401 775 iudicio
437 733 524 767 tuo
561 732 730 781 putes,
770 733 912 778 prout
948 720 1094 778 alias,
1143 719 1182 767 si
1234 720 1464 769 recorda-

80 787 173 845 ris,
211 787 300 835 tibi
338 785 518 833 excidit
554 784 732 848 aliquid
768 785 1015 850 indulgere
1051 782 1247 847 proprio
1302 784 1462 833 sensui

81 865 199 900 cont
205 869 255 899 ra
290 849 676 913 praescriptiones
713 866 873 910 meas3
910 853 956 898 in
996 867 1092 913 quo
1129 865 1226 897 rem
1253 864 1313 897 ne
1369 866 1459 898 acu

85 916 327 981 tetigeris,
366 930 427 962 an
463 914 589 962 ratio
627 925 673 962 te
713 889 919 979 fugerit,
960 918 1094 963 Deus
1130 918 1251 963 scit:
1277 914 1460 962 nollem

83 998 211 1029 anno
249 979 376 1028 forte
398 979 617 1040 proximo
634 992 909 1041 revertens,
926 979 1065 1028 isthic
1096 977 1313 1030 invenire
1337 979 1466 1045 quod

85 1046 213 1095 foret
250 1058 441 1092 necesse
479 1060 556 1091 cas
554 1043 754 1107 tigare

151 1130 197 1175 9.
235 1109 449 1157 Adverte
485 1108 545 1155 sis
582 1109 790 1155 animum
845 1110 904 1156 ad
958 1108 1085 1172 quod
1139 1124 1251 1156 mox
1307 1110 1469 1159 addo.

85 1173 498 1223 admittendorum
536 1173 583 1219 in
634 1173 938 1221 Societatem
979 1173 1194 1231 habeaS,
1246 1189 1426 1223 moneo
1452 1205 1467 1232 ,

87 1239 466 1308 severissimum,
501 1253 624 1299 pene
663 1237 866 1297 dixero,
887 1237 1348 1299 fastidiosissimurn‚
1388 1241 1472 1288 de·

89 1306 310 1353 lectum:
347 1301 426 1366 qui
463 1302 603 1364 pauci
639 1300 900 1363 examinis,
923 1315 974 1350 ut
994 1303 1060 1350 sic
1096 1302 1328 1351 dixerim
1352 1322 1470 1366 prae-

88 1368 315 1418 liminaris
353 1367 594 1414 acerrimis
631 1366 1022 1432 indagationious
1058 1366 1414 1427 satisfecerint,
1439 1367 1474 1415 ii

90 1449 245 1482 rursus
280 1431 594 1493 explerentur
610 1434 796 1480 cunctis
830 1450 912 1496 per
933 1432 1098 1480 ordin
1093 1448 1150 1479 rn
1172 1433 1477 1494 experimen-

93 1500 153 1547 tis
188 1496 445 1546 domestici
484 1496 765 1558 Tyrocinii‚
802 1514 975 1559 nempe
1023 1497 1293 1556 aliquorum
1347 1498 1432 1546 ulti
1423 1501 1476 1546 a.

94 1564 365 1612 rudimenta
403 1577 755 1656 progressorum
793 1579 874 1610 eos
912 1578 1068 1610 mores
1098 1562 1276 1621 videO,
1299 1563 1376 1626 qui
1400 1577 1480 1611 mo

95 1639 278 1700 cogant
312 1626 527 1675 diffidere
564 1628 720 1684 judicu
728 1644 746 1674 s
776 1627 943 1691 quibus
981 1627 1174 1690 proban
1195 1639 1476 1689 potuerunt,

93 1692 313 1743 homines
351 1696 447 1756 (ut
482 1706 553 1739 res
590 1691 972 1766 demonstrant)
1002 1692 1121 1741 tales
1159 1708 1276 1745 Quos
1331 1693 1482 1741 domo

95 1757 287 1806 extrudi
322 1750 462 1804 farnae
500 1772 558 1803 ac
606 1773 681 1819 qui
675 1770 758 1805 etz
764 1773 780 1804 s
825 1757 976 1806 nostri
1025 1759 1178 1829 ordini
1185 1773 1201 1804 s
1254 1758 1487 1805 interest.

94 1821 341 1895 Eiusmodi
375 1821 648 1883 exemplum
687 1838 728 1867 vx
722 1822 838 1870 ¹·tare
875 1839 971 1870 non
1019 1839 1093 1884 pr
1087 1821 1155 1869 tui
1207 1822 1317 1885 quin
1370 1823 1485 1870 ede-

99 1903 197 1936 rem
235 1887 282 1934 in
323 1885 506 1934 Alvaro
545 1887 785 1948 Ferreri2⁴13
822 1903 963 1951 quem
999 1890 1024 1935 3
1065 1903 1138 1934 me
1175 1887 1387 1936 deletum
1421 1901 1486 1937 ex

102 1952 218 2000 albo
257 1950 511 1999 Sociorum
549 1983 559 2009 ,
598 1967 751 2009 cave,
791 1952 945 2000 isthuc
982 1954 1017 1999 si
1052 1952 1276 2009 venerit,
1334 1953 1483 1999 domo

106 2016 338 2078 recipias.
377 2016 451 2063 Ad
486 2017 828 2065 transeundum
880 2017 926 2064 in
975 2016 1118 2064 aliam
1173 2015 1482 2096 Religiosam

99 2080 350 2130 Familiam
387 2079 592 2127 consilio
628 2080 747 2128 licet
782 2082 946 2128 homin
954 2098 1027 2130 em
1065 2081 1310 2151 operaque
1346 2078 1487 2133 adiu-

98 2163 220 2195 ves:
254 2145 461 2193 reditum
498 2145 546 2192 in
600 2146 902 2193 Societatem
950 2159 1205 2210 quantavis
1256 2143 1488 2194 instanti

104 2210 322 2282 poscenti
359 2226 418 2258 ne
454 2209 703 2274 indulgere
741 2227 824 2271 pos
811 2210 887 2256 sis
934 2227 1147 2274 unquam
1177 2242 1187 2264 ,
1224 2208 1346 2258 scias
1397 2221 1448 2258 te
1471 2241 1484 2268 ‚

105 2280 247 2337 quam
284 2275 397 2323 mihi
433 2275 608 2332 debes,
663 2274 944 2323 obedientia
996 2274 1325 2338 pro'nibitum·
1375 2290 1488 2322 nam

104 2355 162 2387 ex
199 2339 347 2386 animi
384 2341 477 2386 mei
513 2339 756 2388 sententia
792 2357 878 2400 pro
929 2353 1178 2401 potestate
1227 2352 1345 2388 veto
1376 2373 1388 2399 ‚
1429 2355 1491 2388 ne

105 2403 341 2454 Alvarum
378 2404 638 2491 Ferreriajn
673 2408 871 2452 domurn
909 2405 1167 2465 admittas,
1209 2420 1351 2472 quern
1387 2404 1490 2452 scio

698 2471 873 2537 Gg4
1365 2469 1428 2518 ad
