1803 3076
373 269 472 337 436
602 264 653 314 s,
685 261 1049 314 FRANCISCI
1084 261 1379 312 XAVERn

324 373 580 420 tuentem,
617 375 679 408 ne
715 359 1206 423 supplicia,ipsorum
1248 357 1484 422 opinione
1518 359 1713 426 gravio-

319 444 402 488 ra,
440 424 710 475 infelicium
747 424 1012 473 cervicibus
1051 425 1368 472 immineant.

386 511 432 558 9.
470 490 741 554 Epistolam
775 493 914 537 istam
953 490 1014 536 ad
1065 494 1253 555 Regem
1303 505 1460 538 meam
1519 489 1614 554 qua
1666 492 1711 540 ei

320 559 615 607 commendo
652 555 1028 614 Proepiscopum
1055 557 1185 613 ,huic
1207 553 1440 603 fasciculo
1461 554 1711 615 insertam,

319 639 482 687 quaeso
521 637 579 667 ne
617 634 848 684 gravere,
891 617 1136 677 Domine,
1174 621 1285 670 dare
1321 636 1489 669 coram
1526 620 1574 666 in
1609 635 1714 668 ma-

315 703 402 736 nus
440 685 526 748 ipsi
565 682 787 732 Domino
825 683 1184 744 Proepiscopo,
1225 696 1278 733 ut
1313 701 1421 733 eam
1468 701 1576 733 cum
1628 683 1721 733 suis

314 754 514 801 mittat.
551 748 599 797 Si
636 751 768 796 Deus
806 764 884 795 me
922 748 1256 796 introduxerit
1291 748 1338 795 in
1376 750 1579 798 Sinense
1617 752 1720 799 Re-

317 833 501 882 gnum,
537 813 583 860 id
622 813 750 878 quod
785 828 845 861 ex
884 811 983 871 ejus
1019 829 1161 875 spero
1202 814 1604 877 gratifi,docebo
1625 818 1719 864 Lu-

313 883 499 930 sitanos
537 879 618 943 qui
656 879 933 926 detinentur
967 878 1360 941 illic,quantum
1382 879 1468 928 tibi
1503 880 1720 928 debeant

316 960 570 1009 exponens
606 959 724 1007 quos
763 942 954 991 labores
993 944 1047 996 ἃ
1085 956 1305 1006 sumptus
1348 977 1359 1004 ,
1400 944 1545 993 causa
1597 945 1724 1007 ipsos

315 1010 607 1061 consolandi
644 1008 959 1069 exhauserim
997 1021 1146 1072 atque
1183 1010 1498 1072 adeo,prout
1532 1021 1583 1058 te
1624 1008 1723 1058 vel-

316 1078 365 1126 le
403 1076 550 1134 novi,
588 1074 837 1122 universos
895 1073 1021 1134 ipsos
1079 1087 1167 1121 tuo
1221 1076 1420 1123 nomine
1473 1073 1724 1123 salutans:

318 1144 376 1195 δι
415 1140 696 1205 qnoniama
734 1139 994 1200 proposito
1031 1154 1114 1186 eos
1152 1136 1350 1196 juvandi
1385 1155 1483 1187 non
1506 1140 1723 1200 desistas,

319 1221 514 1271 sperate
551 1204 659 1253 illos
695 1201 970 1262 iubenS,te
990 1203 1141 1266 siquo
1179 1206 1329 1251 modo
1366 1204 1609 1266 potueris,
1637 1205 1724 1252 ob'-

313 1270 502 1322 stacula
539 1270 628 1334 piis
665 1271 758 1318 tuis
793 1268 1049 1317 conatibus
1082 1271 1322 1317 hactenus
1344 1267 1573 1327 obiecta,
1597 1271 1716 1317 ‘Deo

315 1337 517 1400 juvante
555 1349 899 1397 perrumpere,
922 1337 982 1382 ad
1018 1335 1145 1396 ipsos
1189 1349 1319 1381 anno
1356 1346 1590 1396 sequente
1610 1349 1716 1396 pet-

317 1415 611 1463 venturum.
651 1402 776 1448 Peto
812 1402 840 1448 a
878 1413 928 1448 te
965 1413 1047 1447 tua
1084 1398 1232 1447 causa
1277 1399 1598 1460 Domine,ut
1632 1401 1718 1446 Pa-

317 1480 416 1517 tres
467 1478 656 1513 nostros
707 1463 786 1527 qui
839 1463 979 1512 isthic
1032 1476 1174 1524 sunt,
1225 1462 1507 1528 frequenter
1560 1463 1718 1512 visas:

318 1531 553 1597 quoniam
588 1530 817 1588 confido,
858 1528 1007 1578 animi
1046 1546 1150 1592 q-uae
1189 1541 1240 1577 te
1291 1532 1430 1593 angit
1477 1526 1720 1593 aegritudi-

315 1614 457 1654 nem,
497 1594 855 1644 consuetudine
893 1596 1105 1659 ipsorum
1141 1592 1464 1660 alloquiisque
1498 1594 1722 1642 minuen-

317 1663 457 1713 dam.
493 1664 677 1714 Iterum
717 1658 842 1709 Vale
864 1695 876 1707 .

450 1791 579 1840 Tuus
618 1789 886 1843 verissimus
922 1788 1118 1838 Amicus
1158 1823 1171 1836 .

1281 1922 1554 1969 Francis-cus
1573 1952 1588 1968 .

516 2049 1066 2100 EPISTOLA
1134 2049 1524 2100 XXXVI.

913 2178 1083 2229 Eidem
1103 2214 1116 2230 .

321 2313 602 2365 Sancianum
636 2315 882 2376 appulsus,
919 2329 1016 2362 cum
1054 2323 1301 2360 mercatore
1346 2312 1569 2376 transigit
1585 2322 1636 2357 ut
1669 2326 1715 2357 se

385 2380 634 2426 Cantonem
666 2378 888 2444 perducat
909 2412 921 2426 .
955 2381 1189 2428 Pereiram
1226 2389 1269 2426 et
1302 2390 1632 2445 procuratorem
1667 2391 1710 2423 e-

1563 2456 1649 2501 ⁸qus
