1803 3076
246 284 883 342 EPISTOLARUM.Lib.
918 286 1268 349 111.Ep.X1V.
1358 297 1452 348 129

112 384 263 434 ticam
300 382 521 434 Latinam
559 380 744 428 docet.-
780 377 924 443 idque
961 391 1065 428 tam
1113 380 1292 428 dudum
1328 380 1508 443 caepit,

113 463 166 497 ut
203 450 296 508 jam
334 446 521 495 ementi
560 443 817 507 permulti,
855 460 1081 507 percurso
1118 445 1388 505 doctrinae‚
1424 462 1510 493 cu-

113 514 183 571 ius
220 525 327 560 sunt
364 525 604 572 capaceS,
642 513 788 569 orbe,
827 510 1059 558 redierint
1105 511 1335 567 domum,
1390 525 1509 558 can-

109 579 227 626 dore
265 592 484 634 morum,
522 575 578 626 &
613 577 756 622 rectis
809 575 964 622 omnis
1016 590 1204 639 generis
1261 576 1507 638 exemplis

110 644 528 699 demonstrantes,
567 655 665 687 non
720 641 819 687 sine
865 640 1199 706 gratulatione
1251 655 1508 703 parentum

112 722 172 755 ac
207 706 544 771 popularium,
583 719 767 768 quanta
803 703 863 753 sit
900 705 1176 754 differentia
1214 707 1338 756 bene
1374 706 1512 756 insti-

111 785 229 822 tutae
264 807 274 832 ,
313 774 369 825 &
404 773 598 819 incultae
635 769 882 832 pueritiae.
918 774 1106 836 Legunt
1143 770 1210 817 illi
1249 771 1511 833 expedite,

110 854 168 886 ac
203 850 438 902 quantum
479 851 596 897 opus
632 849 705 883 est
741 836 1021 900 intelligunt
1058 836 1279 901 vulgatas
1302 852 1511 886 summu-

113 903 183 952 las
239 908 476 951 doctrinae
513 900 795 949 Cliristianae
819 932 830 958 ,
853 902 907 952 &
944 917 1108 964 preces
1146 902 1512 950 Ecclesiasticas

111 972 138 1018 ὲ
176 968 300 1015 libro
339 980 583 1024 recitant3
621 966 860 1015 modestia
897 965 989 1024 jam
1027 967 1086 1016 ea
1107 982 1209 1030 quae
1233 979 1512 1029 spectantes

80 1050 84 1053 ·
109 1033 169 1083 ad
195 1035 308 1080 Deo
328 1032 492 1079 laudes
514 1042 770 1094 gratesque
792 1032 1060 1079 reddendas
1087 1047 1333 1094 provocet
1357 1051 1371 1080 :
1396 1048 1511 1080 nam

112 1098 267 1148 nihilo
303 1097 458 1144 minus
497 1094 633 1141 vultu
655 1094 921 1159 habituque
959 1096 1221 1160 compositi
1251 1097 1516 1157 incedunt,

111 1168 257 1226 quam
294 1162 433 1209 isthic
471 1159 664 1207 Novitii
701 1162 1063 1224 Religiosorum
1117 1163 1356 1209 Ordinum
1425 1164 1514 1226 Ju-

110 1240 383 1277 ramentum
421 1239 504 1274 aut
541 1226 738 1272 verbum
764 1224 1097 1282 inconditum,
1122 1241 1181 1273 ne
1216 1226 1514 1275 levissimum

111 1295 331 1358 quidem,
371 1293 425 1343 &
464 1306 523 1338 ex
561 1290 612 1337 iis
651 1291 820 1354 quibus
856 1287 1044 1339 facilius
1080 1291 1351 1354 ignoscitur
1387 1324 1398 1350 ,
1451 1308 1512 1340 ex

110 1374 195 1407 ore
232 1358 443 1420 ipsorum
480 1356 729 1420 quisquam
767 1355 1006 1404 audierit.
1044 1356 1180 1403 Inter
1216 1354 1310 1402 alia
1361 1355 1515 1404 multa

113 1440 219 1488 quae
256 1424 305 1471 in
341 1423 435 1472 hoc
467 1436 645 1486 genere
699 1420 1015 1469 laudabiliter
1068 1422 1297 1471 Rocchus
1348 1434 1516 1470 noster

107 1487 354 1546 instituit,
393 1487 486 1535 hoc
523 1485 664 1535 valde
719 1487 977 1547 probatum
1032 1498 1145 1534 est:
1201 1485 1334 1550 quod
1391 1502 1519 1548 saepe

111 1554 340 1618 producit
373 1550 420 1598 in
457 1567 688 1616 pompam
725 1553 874 1616 longa
910 1551 1030 1599 serie
1068 1550 1326 1613 dispositos
1364 1583 1376 1610 ‚
1433 1566 1519 1613 per

112 1619 298 1668 binaria
333 1617 422 1665 sibi
459 1617 748 1667 altrinsecus
803 1616 1155 1678 respondentia
1189 1649 1200 1675 ‚
1256 1616 1518 1680 discipulos

112 1699 251 1743 suos,
289 1683 501 1731 demissis
535 1681 868 1746 oculis,passu
904 1683 1037 1745 gravi
1075 1681 1131 1732 &
1168 1681 1335 1740 lento,
1373 1680 1521 1730 alter-

112 1750 184 1798 nis
205 1761 459 1797 cantantes
479 1748 694 1796 Litanias
716 1782 727 1810 ,
747 1761 831 1796 aut
855 1746 1092 1806 ejusmodi
1115 1762 1247 1794 sacra
1267 1747 1484 1794 carmina
1502 1782 1515 1795 .

113 1816 430 1878 Expetuntur
466 1814 614 1879 vulgo
648 1815 718 1864 hae
756 1815 855 1863 visu
892 1811 1172 1877 gratissimae
1197 1810 1522 1875 supplicatio-

114 1896 232 1940 neS,
271 1879 650 1928 cohonestandis
690 1879 950 1941 praesertim
987 1875 1232 1925 funeribus
1266 1910 1276 1935 ‚
1323 1877 1522 1940 quoties

117 1941 199 1995 hic
235 1944 356 1992 mori
393 1943 722 1992 Christianum
759 1945 939 1992 accidit
964 1977 974 1989 .
1011 1944 1260 1991 Feretrum
1297 1941 1521 1991 defuncti

118 2009 388 2058 adultiores
425 2010 637 2071 ipsorum
675 2009 882 2057 humeris
920 2006 1233 2067 subeunt‚'&
1271 2023 1421 2072 usque
1457 2006 1522 2055 ad

119 2075 382 2136 sepultuiae
440 2075 603 2122 locum
665 2089 868 2137 portant
901 2090 912 2122 ε
967 2073 1124 2122 nullus
1192 2088 1291 2119 non
1346 2087 1520 2122 eorum

120 2139 419 2188 Orationem
496 2139 809 2188 Dominicam
846 2173 858 2200 ,
909 2137 1277 2187 Salutationem
1354 2144 1521 2200 Ange-

114 2204 306 2263 licam‚
356 2205 642 2267 Symbolum
695 2203 1085 2263 Apostolicum,
1155 2203 1271 2250 alias
1326 2201 1519 2263 aliquot

120 2269 502 2318 Christianarum
539 2286 732 2335 precum
769 2268 1001 2318 formulas
1037 2270 1096 2316 ad
1133 2282 1309 2332 ungem
1348 2266 1515 2326 callet,

120 2349 179 2382 ac
214 2336 240 2383 ὲ
276 2336 510 2383 memoria
547 2336 716 2399 quavis
753 2333 1015 2382 occasione
1051 2333 1205 2380 reddit
1244 2329 1519 2379 inoffense:

119 2398 276 2448 nullus
314 2415 415 2448 non
451 2402 610 2450 Missae
647 2399 1036 2465 Sacrificio(cui
1075 2395 1296 2463 quotidie
1334 2394 1521 2447 summi

125 2464 250 2515 som.
285 2469 356 2514 ss.
751 2465 776 2514 1
1370 2477 1449 2513 te·
