1803 3076
322 299 518 354 Eprsr.
554 306 601 352 s,
635 305 877 355 FRANc.
913 307 1073 356 xAv.
1270 315 1368 379 487

54 402 144 450 luti
179 415 371 465 pensum
404 403 432 449 ὲ
466 398 661 464 singulis
697 399 849 464 exigit
883 416 896 449 :
934 415 1074 464 quem
1127 403 1430 467 excogitasse

57 467 172 514 boni
210 464 453 530 quippiam
490 465 756 526 comperit,
796 478 937 513 ornat
973 463 1197 512 laudibus
1229 485 1249 524 ;
1287 484 1431 530 quern

57 546 220 590 secus,
258 530 509 592 objurgat·
565 529 710 578 lidem
746 531 806 577 ad
842 529 1070 592 populum
1125 531 1432 594 quintodeci-

58 611 139 642 mo
175 609 366 660 quoque
403 593 480 642 die
516 597 661 643 verba
697 593 884 643 faciunt
930 597 1040 643 sane
1091 592 1437 659 frequentem;

57 660 114 712 ὅτ
149 660 273 708 inter
317 659 573 708 dicendum
620 661 919 725 gravissimas
966 657 1226 708 inferorum
1263 677 1434 723 poenas

60 723 394 789 cruciatusque
430 723 648 785 depictos
684 725 732 772 in
769 725 931 771 tabula
967 723 1266 786 aspiciendos
1301 725 1434 774 audi-

57 789 240 837 toribus
279 786 560 852 proferunt:
599 786 728 847 cujus
763 790 1031 838 acerbitate
1068 790 1329 851 spectaculi
1361 807 1437 839 us·-

63 869 154 916 que
192 856 248 900 ad
285 853 486 904 eiulatus
521 853 575 904 ὅ(
611 854 878 918 lacrymas,
942 851 1144 902 faeminae
1198 856 1436 920 praecipue

54 931 431 981 permoventur.

123 984 156 1033 6
205 983 454 1048 Qaerenti
492 981 605 1030 mihi
639 985 666 1031 a
703 984 878 1042 Paulo,
916 983 1128 1046 nunquid
1165 984 1191 1032 ὲ
1236 984 1437 1034 concio-

61 1048 197 1096 nibus
233 1063 397 1095 eorum
437 1060 626 1095 teneret
662 1048 928 1098 memoria?
965 1049 1209 1105 cuiusdam
1245 1065 1442 1112 respon-

70 1114 136 1160 dit
173 1129 219 1159 se
257 1111 558 1170 meminisse,
595 1112 672 1174 qui
710 1113 923 1172 diceret,
962 1113 1231 1176 improbum
1287 1116 1443 1164 virum

67 1177 163 1224 sive
188 1176 463 1234 mulierem,
486 1192 585 1224 esse
607 1178 822 1226 daemone
842 1179 945 1239 ipso
977 1178 1254 1243 nequiorem
1277 1196 1289 1239 ;
1312 1181 1445 1244 quod

67 1240 250 1290 scelera
287 1244 466 1295 multa,
505 1257 606 1304 quae
659 1241 738 1289 ille
791 1259 874 1304 per
919 1258 966 1290 se
1018 1255 1294 1305 perpetrare
1342 1260 1442 1294 non

70 1305 251 1368 pessit,
289 1318 342 1354 ut
378 1303 734 1365 furari‚falsum
757 1306 1086 1355 testimonium
1106 1306 1295 1367 dicere,
1327 1309 1445 1358 alia·

71 1386 164 1434 que
200 1371 244 1417 id
276 1385 425 1435 genus
456 1403 466 1429 ,
505 1368 767 1427 hujusmodi
818 1372 1091 1421 hominibus
1144 1371 1443 1430 adjutoribus

73 1448 220 1498 atque
256 1434 540 1482 administris
578 1437 806 1484 admittat
840 1472 851 1484 .
889 1435 1283 1496 Disjunctionem
1335 1454 1445 1485 nos-

74 1513 195 1547 tram
235 1500 475 1549 Dominus
510 1516 595 1562 pro
635 1500 817 1549 infinita
855 1517 934 1548 sua
971 1502 1292 1552 misericordia
1327 1519 1447 1551 con-

71 1563 269 1628 jungere
305 1565 531 1629 dignetur
566 1561 611 1611 in
650 1565 801 1626 caelis3
839 1582 946 1614 nam
985 1568 1032 1615 in
1069 1567 1202 1617 terris
1256 1569 1448 1631 quidem

70 1629 324 1691 ecquando
362 1629 563 1685 posthac
600 1630 743 1678 visuri
781 1631 907 1679 inter
942 1648 1028 1680 nos
1078 1633 1218 1681 simus
1249 1665 1261 1692 ‚
1300 1633 1455 1682 incer·

70 1707 172 1743 turn
211 1705 316 1742 est.
354 1693 547 1742 Malaca
588 1712 645 1744 10
679 1696 881 1744 Kalend.
913 1697 1065 1759 Julias
1107 1715 1244 1765 1549.

76 1827 298 1873 Posterior
333 1839 442 1886 pars
468 1827 700 1887 epistolae,
755 1826 811 1874 de
862 1841 954 1890 qua
1007 1832 1055 1874 in
1106 1828 1352 1892 Prologem.
1404 1842 1449 1891 p.

139 1892 273 1937 CXA
288 1893 352 1936 l..
391 1892 658 1956 conferenda
694 1909 790 1939 cum
827 1896 953 1955 epist·
992 1909 1067 1941 21.
1101 1897 1180 1941 lib.
1211 1907 1258 1959 3.
1286 1895 1453 1942 c'znum.

142 1969 185 2002 2.
207 1971 222 2000 :
255 1954 360 2001 inde
394 1971 608 2018 apparet,
631 1958 747 2004 hanc
780 1974 872 2004 esse
906 1963 1078 2019 pariter
1113 1957 1451 2023 Maffejanam,

142 2019 392 2065 ‘Tursellino
425 2023 656 2084 perper-cim
693 2025 738 2066 in
776 2024 1068 2084 lugdunensi
1137 2025 1326 2071 editione
1370 2027 1457 2069 tri-

139 2084 294 2130 butam
317 2119 330 2131 .
366 2086 557 2133 Videtur
591 2088 980 2147 autemMaffejus
1018 2088 1134 2135 hanc
1165 2092 1290 2151 prius
1324 2102 1457 2135 accu-

145 2163 270 2196 rasse
306 2155 554 2197 versionem
595 2169 656 2198 ex
691 2152 949 2217 imperfecto
987 2153 1277 2217 apographo¹¹
1320 2167 1458 2216 quam

145 2213 353 2278 deinceps
383 2216 626 2281 perfectius
675 2230 836 2264 nuc-tus
871 2220 1107 2281 exemplar
1139 2219 1426 2283 neglexerit.

89 2360 130 2394 1.
165 2343 342 2461 AD
379 2343 744 2409 navigationem
780 2358 1031 2395 revertor.
1065 2346 1238 2395 Lenita
1294 2344 1459 2408 paulu-

322 2408 422 2470 lum
457 2421 782 2473 tempestate,
835 2410 942 2460 vela
979 2410 1135 2461 ventis
1201 2423 1461 2463 moerentes

672 2476 850 2542 Hh4
1309 2470 1393 2532 de,
