1803 3076
377 283 473 339 324
615 267 663 317 S.
697 263 1054 316 FRANCISCI
1089 264 1378 315 XAVERII

565 359 738 410 Gratia
774 361 829 412 &
867 361 1088 409 Charitas
1125 363 1191 410 D.
1229 364 1294 409 N.
1317 363 1424 414 &a

307 506 349 545 ι.
474 492 519 537 X
555 489 764 553 Japonia
803 489 850 537 in
887 490 1073 537 Indiam
1110 506 1352 551 reversus,
1385 491 1443 539 de
1476 491 1679 554 Japoni-

505 555 570 601 cis
606 557 742 602 rebus
776 556 834 600 ad
871 567 920 601 te
970 557 1213 616 perscripsi
1262 557 1451 605 Cocino
1493 592 1504 604 .
1538 558 1684 605 Nunc

311 621 431 670 illud
467 632 517 667 te
553 619 674 669 scire
713 617 861 672 volo,
899 634 973 666 me
1009 631 1118 680 post
1153 631 1269 667 octo
1309 621 1403 669 dies
1458 621 1505 668 in
1544 623 1687 679 Sinas¹

308 701 409 735 esse
447 682 805 746 profecturum.
842 683 956 729 Tres
992 683 1190 731 omnino
1228 684 1398 737 ducam
1451 689 1476 736 ὲ
1513 686 1681 734 Socie-

306 764 445 807 tate,
485 747 771 796 Sacerdotes
809 746 957 804 duos,
995 746 1266 803 adiutorem
1320 765 1468 797 unum
1502 754 1680 798 ‚lmus

309 828 488 885 magna
524 827 631 860 curn
667 811 838 858 fiduca
892 812 1063 859 divinae
1118 812 1455 877 benignitatis,
1492 829 1546 862 ac
1595 831 1679 874 spe

307 895 378 927 rei
415 876 696 929 Christianae
734 876 854 924 bene
889 877 1137 940 gerendae.
1178 880 1255 925 De
1293 893 1458 929 nostro
1506 878 1681 928 itinere

310 940 489 991 faciam
527 955 579 991 te
613 956 734 989 cert
742 957 905 1002 orem,
929 941 1009 990 ubi
1044 957 1246 1006 primum
1275 942 1515 991 Malacam
1533 959 1683 1007 appu·

311 1007 457 1058 lero-

377 1089 421 1122 2.
458 1073 515 1122 In
547 1070 808 1134 Japoniam
848 1069 979 1120 Socii
1015 1071 1107 1119 duo
1144 1072 1236 1122 hoc
1271 1088 1400 1121 anno
1444 1075 1685 1137 Amangu-

310 1137 442 1186 cium
477 1137 538 1184 ad
576 1138 620 1184 P
657 1139 886 1185 Cosmum
925 1137 1206 1184 Turrianum
1261 1139 1517 1187 mittuntur
1554 1171 1565 1197 ,
1600 1141 1688 1210 Ja'.

311 1203 475 1266 ponici
512 1203 740 1249 sermonis
776 1200 1047 1251 addiscendi
1084 1201 1270 1273 grati23
1295 1217 1348 1252 ut
1384 1202 1571 1253 scilicet
1606 1202 1699 1250 ubi*

308 1269 485 1317 isthinc
526 1269 690 1330 Patres
727 1281 910 1330 magnae
950 1265 1138 1314 virtutis
1174 1280 1321 1329 atque
1372 1268 1477 1315 usus
1529 1269 1689 1316 Goam

313 1332 566 1382 venerint
608 1332 653 1378 in
689 1331 950 1392 Japoniam
985 1330 1094 1377 ituri
1134 1345 1328 1392 paratos
1364 1333 1573 1380 habeant
1603 1348 1685 1380 co-

313 1397 454 1447 mites
491 1399 516 1444 ὲ
554 1396 802 1445 Societate
835 1395 1087 1458 Japonicae
1122 1395 1294 1461 linguae
1343 1396 1524 1459 peritos
1558 1429 1570 1457 ,
1607 1398 1687 1460 qui

314 1462 526 1510 scienter
561 1477 618 1509 ac
656 1460 862 1509 fileliter
880 1460 1157 1508 Christiana:
1176 1460 1417 1533 religionis
1439 1464 1688 1523 mysteria,

317 1528 376 1578 &
411 1539 599 1585 cetera,
639 1542 740 1589 quae
778 1525 837 1571 ab
874 1524 962 1571 illis
983 1526 1308 1597 acceperint,
1346 1527 1602 1575 enuntient
1640 1543 1691 1574 a·

314 1593 411 1653 pud
446 1591 693 1653 JaponeS.
731 1593 841 1641 Hoc
879 1589 1099 1637 nimirum
1135 1606 1312 1654 magno
1349 1590 1559 1639 subsidio
1598 1592 1694 1639 erit

315 1658 531 1706 Patribus
564 1655 786 1718 Japoniae
825 1656 1110 1703 Academias
1137 1655 1459 1727 aggressuris,
1496 1667 1550 1704 ut
1594 1655 1690 1704 illis

317 1720 506 1786 populis
544 1735 691 1769 suave
727 1718 904 1767 Christi
937 1716 1098 1782 jugum
1135 1719 1419 1781 imponant.

386 1802 426 1851 3.
468 1787 545 1831 Est
580 1800 665 1831 cur
701 1782 896 1830 Christo
937 1784 982 1828 D
1036 1786 1100 1831 Ν
1136 1783 1393 1847 gratuleris
1426 1817 1437 1843 ,
1475 1783 1691 1848 complu-

317 1864 392 1899 res
428 1851 504 1896 hic
541 1863 642 1898 esse
684 1849 708 1895 ὲ
746 1846 1025 1906 Societate,
1068 1860 1169 1896 tum
1207 1850 1404 1909 Patres,
1441 1862 1542 1897 tum
1588 1852 1693 1897 Fra·

315 1927 442 1972 treS,
480 1912 558 1975 qui
593 1910 970 1971 concionando,
1007 1910 1387 1961 confessionibus
1428 1915 1693 1974 audiendis,

318 1977 562 2025 discordiis
597 1976 841 2034 sedandis,
863 1976 1061 2040 aliisque
1085 1978 1367 2026 Christianae
1402 1979 1595 2042 pietatis
1621 1977 1695 2027 of·

315 2042 437 2093 ficiis
471 2057 568 2093 rem
604 2041 927 2090 Christianam
963 2057 1061 2090 non
1099 2043 1408 2095 mediocriter
1456 2043 1696 2104 iuverint,

319 2123 378 2155 ac
415 2104 580 2163 iuvent
616 2121 661 2153 in
695 2106 794 2154 dies
827 2108 1013 2179 magi53
1049 2108 1143 2171 qua
1178 2107 1369 2171 quidem
1406 2125 1498 2171 ego
1535 2124 1594 2156 ex
1642 2123 1697 2156 re

318 2170 650 2220 incredibilem
687 2174 792 2234 cepi
828 2187 992 2218 animo
1026 2172 1361 2234 voluptatem.
1396 2173 1556 2222 Goani
1578 2172 1696 2220 Col-

319 2236 432 2302 legii
472 2240 735 2289 Rectorem
774 2239 819 2284 P.
840 2239 1102 2301 Gasparem
1124 2239 1351 2286 constitui
1378 2271 1388 2297 ,
1412 2239 1559 2286 virum
1581 2269 1592 2297 ,
1615 2236 1694 2284 cui

321 2314 523 2365 propter
557 2317 789 2355 summam
808 2302 1171 2349 submissionem
1191 2316 1336 2367 atque
1357 2304 1498 2351 obedi
1507 2303 1689 2351 entiam

319 2366 481 2419 tribuo
515 2365 798 2432 plurimum
818 2367 914 2417 Hic
949 2366 1142 2435 egregia
1177 2380 1251 2418 est
1284 2364 1692 2477 concionandifa-

1527 2447 1584 2480 cu
1606 2459 1628 2471 -
