1803 3076
342 284 443 338 292
591 268 642 319 S.
675 267 1044 321 FRANcrsm
1087 268 1382 321 xAvEmr

290 362 523 420 adhibens
556 378 722 412 omnes
760 363 858 412 vias
895 365 952 417 ὅτ,
984 364 1198 415 rationes
1234 366 1301 415 eis
1322 367 1463 416 certo
1484 381 1681 430 persnas

295 427 473 488 dendi,
512 439 563 477 te
601 444 700 476 non
734 429 865 476 aliud
900 430 948 476 in
984 430 1110 479 votis
1148 432 1358 492 habere,
1397 436 1540 496 quam
1595 434 1683 480 ob-

290 493 426 559 sequi
466 492 708 543 voluntati
746 509 943 553 eorum,
981 495 1037 546 ὅ(
1074 511 1252 562 augere
1289 513 1377 560 pro
1415 497 1539 546 virili
1572 498 1683 546 reli-

290 562 493 628 gionem
527 574 584 606 ac
622 558 993 608 venerationem
1030 563 1196 623 populi
1216 565 1377 612 vermis
1396 562 1538 611 istam
1560 565 1682 610 San·

290 640 426 675 ctam
489 623 686 670 domum
730 623 900 671 Matris
957 626 1099 671 Dei.
1151 629 1324 691 ltaque
1378 644 1462 676 eos
1510 629 1685 677 crebro

288 687 607 756 perofficiose
645 688 852 748 invises,
891 688 946 739 &
982 689 1043 736 ad
1080 706 1163 738 eos
1199 707 1308 739 cum
1344 692 1521 741 fiducia
1567 708 1686 741 con·

290 755 446 821 fugies
483 752 532 800 in
568 752 662 801 tuis
699 751 1024 816 spiritualibus
1043 756 1411 805 necessitatibus
1431 759 1688 808 dubiorum

291 822 350 874 &
385 817 722 877 anxietatum,
759 817 1016 870 consilium
1053 819 1307 882 postulans
1329 856 1342 868 .

357 899 402 935 2.
439 885 779 932 Necessitates
815 887 935 932 vero
971 900 1231 946 corporeas
1267 902 1529 947 pauperum
1549 898 1688 937 tuam

296 964 442 1014 opem
493 948 859 1011 implorantium
909 947 1091 997 referes
1145 951 1206 998 ad
1255 951 1457 1000 Sodales
1510 952 1693 1001 miseri-

295 1014 477 1065 cordiae
499 1046 511 1074 ,
533 1030 698 1062 causas
734 1014 862 1077 apud
898 1013 1007 1063 illos
1041 1013 1330 1064 miserorum
1350 1031 1435 1079 per
1454 1027 1505 1064 te
1520 1032 1687 1081 agens,

293 1083 352 1136 &
388 1079 501 1128 inde
537 1079 590 1127 iis
626 1079 838 1128 subsidia
873 1095 1165 1140 procurans,
1203 1097 1307 1145 quae
1346 1081 1579 1131 videlicet
1627 1097 1690 1131 ex

293 1145 382 1196 tua
416 1143 686 1195 domestica
722 1145 887 1208 inopia
921 1160 1178 1210 suggerere
1216 1162 1315 1194 non
1351 1146 1502 1208 possis
1556 1146 1687 1209 ipse,

298 1211 433 1275 quod
468 1210 687 1273 profiteri
724 1223 774 1258 te
810 1214 1085 1270 convenic,·
1123 1209 1416 1273 efficereque
1452 1223 1507 1260 ut
1545 1211 1692 1261 intel-

297 1277 458 1342 ligant
491 1291 756 1339 paupereS‚
792 1274 841 1323 id
876 1274 1006 1339 quod
1041 1277 1070 1324 a
1107 1286 1156 1324 te
1192 1276 1463 1341 accipient,
1501 1278 1528 1325 ὲ
1562 1292 1694 1340 penu

299 1342 387 1395 tua
422 1356 520 1388 non
558 1339 813 1403 depromi3
867 1340 948 1392 sed
1005 1340 1290 1390 Sodalitatis
1346 1341 1691 1392 misericordiae

298 1404 593 1455 liberalitate
629 1407 833 1454 donari.
871 1408 942 1454 Ac
978 1421 1087 1453 cum
1125 1407 1216 1455 ista
1267 1408 1532 1462 occasione
1582 1406 1690 1455 ino-

298 1487 383 1535 pes
419 1470 481 1517 ad
515 1482 565 1519 te
586 1482 894 1519 accurrentes
929 1484 1183 1532 exponent
1214 1472 1463 1534 penuriam
1500 1472 1595 1534 qua
1625 1471 1698 1520 la-

301 1539 482 1585 borant
518 1550 672 1583 rerum
709 1535 901 1597 corpori
938 1536 1344 1596 necessariarum,
1382 1549 1437 1586 tu
1476 1537 1687 1585 vicissim

299 1601 412 1651 illos
445 1600 733 1649 admonebis
770 1602 829 1648 de
864 1599 1061 1661 inopia,
1086 1616 1229 1664 quam
1267 1601 1421 1649 minus
1458 1600 1690 1661 sentiunt,

305 1666 481 1729 cuique
516 1665 771 1714 consulere
808 1666 972 1725 parum
993 1677 1190 1724 curant,
1215 1679 1602 1729 opportunorum
1627 1664 1691 1715 ad

304 1736 510 1785 salutem
547 1731 718 1778 animae
755 1729 1098 1790 subsidiorum,
1136 1746 1340 1794 quorum
1390 1744 1552 1781 tamen
1604 1748 1692 1780 co-

304 1795 436 1860 piam
473 1795 520 1842 in
557 1806 784 1856 promptu
822 1793 1069 1855 habeant,
1105 1795 1137 1842 si
1177 1796 1247 1844 uti
1287 1797 1439 1845 velint
1477 1813 1488 1845 ε
1545 1811 1694 1861 quare

307 1876 369 1909 ne
405 1859 452 1906 id
491 1859 742 1924 negligant
778 1859 1076 1920 hortaberis;
1114 1864 1413 1934 magnopere
1451 1864 1690 1922 suadens,

307 1937 364 1976 ut
399 1936 609 1972 mentem
646 1925 706 1972 ad
742 1926 902 1972 Deum
940 1936 1173 1986 vertant,
1212 1943 1366 1990 ipsum
1418 1939 1561 1976 orent
1593 1960 1606 1987 ,
1647 1943 1698 1974 a·

309 1990 517 2048 dorent,
555 1988 795 2052 mysteriis
832 1988 923 2039 rite
958 1992 1241 2053 usurpandis
1278 1991 1613 2043 Confessionis
1643 1993 1700 2043 δε

307 2053 623 2106 Eucharistiae
659 2054 746 2102 sibi
781 2054 1090 2118 propitient;
1127 2057 1187 2104 a'd
1239 2058 1369 2122 quod
1419 2069 1552 2108 tuam
1601 2056 1696 2106 illis

309 2131 534 2181 paratam
571 2119 820 2168 exhibebis
856 2137 1091 2182 operam3
1128 2125 1390 2174 ostendens
1425 2136 1475 2170 te
1512 2122 1621 2186 ipsis
1641 2121 1697 2169 il-

308 2184 362 2234 lo
398 2183 577 2235 functis
615 2183 780 2234 officio
830 2186 1057 2248 primario
1091 2219 1102 2245 ,
1150 2203 1459 2252 nequaquam
1504 2186 1697 2238 defutu-

312 2266 418 2301 rum
454 2250 725 2300 in'caeteris
759 2252 1194 2301 commoditatibus
1233 2253 1343 2302 vitae
1394 2270 1451 2301 ac
1507 2253 1694 2312 victus,

312 2313 406 2364 ista
442 2315 501 2364 de
537 2315 632 2380 qua
665 2327 739 2379 est
774 2315 957 2365 dictum
996 2319 1215 2376 ratione,
1254 2318 1599 2381 impetrandis.

325 2386 327 2391 ’
381 2395 426 2448 3.
462 2383 522 2432 ln
558 2397 644 2431 usu
678 2396 788 2443 eum
822 2382 1096 2442 hominibus
1148 2383 1303 2441 omnis
1352 2385 1541 2450 generis
1590 2396 1699 2444 pro-

1546 2449 1635 2507 mi-
