1803 3076
396 295 498 349 404
636 277 685 328 S.
720 275 1086 328 FRANCISCI
1119 274 1412 328 XAVERII

337 374 517 423 callere
551 388 601 420 se
653 372 1072 437 quaestuosissimas
1110 406 1121 432 ‚
1159 374 1351 434 gloriari
1405 372 1556 423 etiam
1599 373 1735 424 inter*

337 455 448 489 suos
485 438 674 486 solent:
713 453 859 509 quare
895 443 974 486 ubi
1009 441 1228 488 modeste
1265 455 1410 506 agere
1449 442 1728 503 praevarica-

338 505 378 553 ri
414 516 487 551 est
505 504 814 565 ,importune
851 507 1200 574 improbequei
1188 507 1466 569 flagitetur·
1457 520 1541 565 ‚ac
1563 505 1724 569 quoad

341 585 648 633 expugnetur
683 579 735 613 ut
774 567 919 615 verba
955 583 1002 614 1n
1038 544 1281 640 effectum
1289 544 1575 639 praesetitem
1594 583 1726 617 tran-

341 649 511 692 seant,
553 648 612 680 ne
649 633 942 679 recusaveris
977 648 1100 694 pene
1136 635 1195 679 ad
1230 632 1431 705 iurgium
1479 637 1534 688 8(
1587 634 1727 682 disci·

342 699 469 746 dium
505 712 653 768 usque
690 696 1013 768 descendere.
1050 696 1204 749 Aliter
1241 715 1318 749 vix
1343 715 1564 771 *unquam
1601 701 1728 747 vita·

344 763 471 810 bitur
505 777 619 824 quin
655 777 759 825 quae
796 763 902 811 Rex
939 761 983 824 pi
974 765 1015 811 e
1068 763 1288 810 decrevit
1339 764 1388 810 in
1436 780 1541 812 usus
1590 765 1727 814 Reli·

342 826 499 892 gionis
535 841 826 875 necessarios
864 827 922 873 de
957 843 1044 874 suo
1081 826 1317 887 impendi,
1360 843 1444 888 per
1479 828 1577 886 ejus
1631 830 1727 877 Mi-

342 905 519 939 nistros
553 894 693 940 avare
732 891 787 942 &
824 889 1008 941 nefarie
1040 891 1424 941 intervertantur
1454 894 1729 955 ,pernicio-

344 959 529 1004 sissimo
579 957 634 1007 ὃς
670 956 971 1017 irreparabili
1022 957 1090 1005 rei
1126 956 1478 1007 Ecclesiasticae
1514 959 1568 1009 &
1604 958 1730 1006 salu-

343 1021 404 1070 tis
457 1023 720 1069 animarum
755 1021 1084 1069 detrimento.
1106 1024 1235 1093 Ergo
1272 1038 1609 1099 quamcunque
1643 1025 1730 1071 ho-

343 1100 530 1135 nestam
570 1099 687 1149 puta
722 1102 880 1134 rerum
917 1100 1017 1135 tarn
1054 1086 1246 1153 insignis
1298 1092 1537 1137 momenti
1585 1104 1733 1151 expe·

345 1151 628 1202 diendarum
665 1152 937 1200 rationem

408 1237 455 1280 4.
491 1219 575 1267 AEs
611 1216 823 1265 alienum
850 1216 991 1264 istius
1037 1218 1224 1263 Domus
1276 1229 1332 1265 ut
1382 1216 1735 1282 quamprimum

353 1282 583 1331 dissolvas
621 1283 753 1329 omni
791 1279 1114 1330 contentione
1167 1293 1334 1346 satage
1374 1318 1385 1328 .
1438 1285 1510 1336 Ac
1560 1283 1735 1331 vellem

345 1349 602 1397 elenchum
651 1362 981 1420 summamque
1032 1358 1257 1394 exactam
1295 1345 1571 1395 debitorum
1621 1348 1738 1395 Col-

344 1413 458 1479 legii
495 1414 657 1462 Goani
693 1412 842 1461 literis
879 1415 933 1459 iis
969 1413 1201 1459 insereres
1237 1428 1352 1475 quas
1390 1413 1449 1460 ad
1485 1428 1561 1460 me
1612 1413 1732 1474 Sep-

342 1455 518 1527 tembri
556 1479 777 1540 proximo
815 1492 897 1539 per
935 1492 996 1523 na
1012 1492 1084 1524 aes
1122 1489 1240 1525 tunc
1286 1477 1523 1525 soluturas
1575 1477 1735 1528 Mala-

345 1559 454 1592 cam
493 1543 784 1592 destinabis:
824 1558 937 1605 qum
974 1557 1199 1603 cuperem
1236 1554 1287 1591 te
1326 1542 1518 1606 quoties
1555 1542 1615 1590 ad
1652 1557 1730 1590 me

344 1609 545 1668 scribes,
582 1622 970 1661 commemorare
1007 1618 1238 1670 quantum
1276 1611 1303 1656 ἐι
1342 1611 1476 1655 vobis
1513 1639 1524 1665 ,
1580 1623 1733 1669 quan-

345 1685 451 1723 tum
490 1673 624 1722 vobis
664 1674 931 1725 debeatur:
970 1686 1223 1734 utrumque
1260 1672 1393 1719 simul
1433 1687 1571 1719 nosse
1593 1672 1731 1732 iuve-

346 1739 435 1798 rit,
463 1739 515 1789 δι
551 1739 721 1786 crediti
759 1737 1007 1799 debitique
1044 1752 1324 1798 comparare
1350 1736 1734 1809 rationes.Cum

347 1818 518 1851 census
553 1803 702 1851 debiti
736 1803 967 1865 Colleglo
1003 1819 1032 1849 a
1069 1803 1453 1861 redemptoribus
1505 1813 1590 1849 aut
1627 1802 1731 1863 qui-

346 1867 641 1937 buscumque
682 1868 965 1915 debentibus
1002 1866 1328 1927 recipientur,
1351 1882 1472 1914 cave
1508 1867 1734 1918 stulta&

346 1932 526 1987 iniusta
563 1931 890 1980 misericordia
928 1931 980 1980 iis
1017 1933 1295 1993 indulgeas,
1316 1944 1370 1979 ut
1407 1945 1594 1993 partem
1630 1932 1737 1978 sub·

348 1999 577 2057 trahant,
615 1999 744 2061 quod
781 1997 916 2043 annis
956 1997 1204 2058 praeteritis
1241 1997 1457 2045 evenisse
1519 2010 1616 2044 non
1667 2011 1741 2044 se-

351 2063 452 2111 mei
486 2063 690 2122 scitum,
730 2062 1099 2127 flagitiosissima
1138 2061 1436 2126 negligentia
1476 2076 1486 2108 ε
1525 2077 1584 2108 ex
1638 2061 1737 2122 qua

348 2126 539 2176 scilicet
573 2143 889 2175 consecutum
929 2139 1030 2186 est,
1068 2140 1120 2173 ut
1156 2142 1203 2172 in
1243 2127 1587 2178 Promontorio
1640 2129 1740 2174 Co-

352 2193 646 2251 morinensi‚
685 2193 894 2251 eclani,
931 2194 983 2242 ὃ(
1023 2193 1198 2261 Cocini
1233 2192 1383 2243 multa
1421 2193 1497 2251 pia
1553 2207 1738 2262 opera?

349 2257 412 2305 ad
454 2273 682 2328 magnum
719 2225 925 2310 fructuin
975 2272 1238 2304 animarum
1293 2256 1556 2315 instituta,
1596 2257 1650 2306 &
1698 2254 1736 2301 si

352 2335 756 2370 continuarentur
792 2321 1107 2385 profectura,
1128 2323 1503 2379 omitterentur,
1537 2318 1733 2368 defectu

351 2387 547 2437 subsidii
582 2388 694 2438 Goa
729 2387 826 2438 illic
863 2388 1111 2452 expectati
1146 2403 1160 2438 ;
1207 2388 1338 2452 quod
1387 2397 1605 2456 propter·
1620 2385 1732 2432 istas

857 2487 865 2491 .
1593 2449 1668 2496 in-
