1803 3076
368 315 462 366 142
499 335 502 338 ι
596 298 646 347 S.
681 294 1048 347 FRANCISCI
1093 296 1386 347 XAVERH

299 395 560 458 prohibeat
595 392 799 441 solidam
836 404 958 455 quot
995 390 1157 438 diebus
1193 392 1359 438 horam
1382 388 1698 441 ChristiDm

294 474 413 508 mini
449 471 600 506 nostri
636 475 748 506 vitae
785 457 1107 504 Sanctissimae
1143 457 1216 518 pie
1238 455 1512 504 recolendae
1556 455 1693 502 addi—

297 539 443 572 cere:
483 539 531 569 in
569 537 696 586 qu0‚
735 522 932 569 habebit
967 523 1372 569 commoditatem
1412 524 1512 568 haec
1548 534 1692 583 quam

301 587 492 637 institui
530 586 762 650 partitio,
800 601 853 632 ut
887 587 1014 633 horae
1052 587 1300 633 dimidium
1336 602 1394 635 ex
1430 587 1688 633 antemeri-

293 654 443 701 diano
478 666 724 712 tempore,
762 652 1066 697 tantumdem
1105 652 1131 698 ὲ
1167 652 1501 712 pomeridiano
1546 651 1595 698 in
1647 650 1693 698 id

303 733 541 782 seponas.
578 715 868 777 Expeditum
904 715 963 762 ad
999 716 1093 760 hoc
1129 713 1233 762 fote
1270 732 1362 776 prae
1400 718 1583 763 caeteris
1621 715 1689 762 vi-

298 784 442 830 detur
484 781 562 842 ,id
598 780 803 842 spatium
841 795 969 841 quo,
994 793 1228 841 vergente
1264 782 1324 825 ad
1364 779 1695 842 vesperamdie

299 849 472 904 Pater,
512 845 702 909 quicum
740 845 911 908 degis>
949 846 1224 891 Franciscus
1279 846 1426 891 Perez
1475 846 1693 892 scholam

291 912 442 960 habet
477 909 881 960 Catecheticam:
921 921 1039 956 tunc
1076 908 1165 956 tibi
1203 909 1398 957 vacabit
1451 910 1684 972 vesperti-

294 990 369 1024 nae
403 975 482 1022 isti
520 974 734 1023 orationi
771 976 1054 1023 attendere.

360 1056 402 1107 3.
439 1042 609 1091 Noctu
645 1052 905 1105 antequam
944 1053 1114 1086 somno
1150 1049 1200 1086 te
1220 1038 1393 1094 dedaS,
1421 1053 1542 1086 voca
1564 1054 1684 1086 con-

290 1106 551 1154 scientiam
582 1105 643 1152 ad
679 1104 922 1163 calculos»,
948 1104 1190 1168 inquirens
1228 1106 1274 1150 in
1311 1102 1561 1168 cogitata,
1583 1103 1683 1152 dic·

289 1168 522 1229 ta,facta
559 1169 654 1219 diei
691 1169 868 1229 totius,
891 1172 1151 1230 explorans
1186 1183 1381 1232 quoque
1418 1183 1531 1215 num
1567 1169 1683 1234 quid

290 1235 504 1284 omiseris
542 1235 672 1299 quod
708 1235 948 1282 debuisset
982 1237 1007 1281 a
1045 1245 1094 1282 te
1131 1234 1229 1283 fieri
1255 1270 1266 1282 .
1302 1238 1380 1280 Sic
1415 1245 1591 1282 cuncta
1612 1233 1680 1281 di-

288 1299 499 1350 scutiens
536 1303 668 1364 quasi
690 1314 802 1346 mox
826 1298 1177 1346 Sacramentali
1199 1297 1524 1348 confessione
1553 1299 1682 1360 apud

287 1366 606 1414 Sacerdotem
644 1377 928 1428 purgaturus
948 1364 1191 1423 animum,
1217 1379 1375 1411 acrem
1407 1365 1551 1410 etiam
1577 1380 1680 1424 poe-

285 1430 548 1479 nitentiam
584 1434 834 1492 perperam
873 1441 1094 1476 actorum
1131 1442 1215 1477 aut
1250 1431 1374 1476 male
1397 1430 1682 1489 praetermis-

287 1511 481 1556 sorum,
523 1511 581 1543 ex
617 1509 764 1542 causa
801 1494 929 1552 Dei,
965 1509 1106 1555 quem
1143 1497 1325 1541 summe
1364 1494 1564 1558 diligas,
1602 1491 1680 1540 of-

285 1557 412 1608 fensi
447 1559 730 1621 concipiens
753 1578 772 1617 ,·
809 1570 910 1606 tum
948 1559 1191 1607 Christum
1227 1561 1395 1622 Jesum
1449 1558 1591 1605 enixe
1628 1574 1681 1605 o-

288 1641 399 1674 rans
435 1638 489 1673 ut
522 1624 751 1689 ignoscat
770 1624 888 1683 tibi,
912 1625 1406 1687 emendationemque
1426 1623 1679 1685 pollicens,

290 1691 500 1753 deniqne
552 1688 766 1738 recitato
813 1691 954 1736 Pater
1001 1690 1057 1739 &
1103 1695 1205 1736 Ave
1256 1689 1322 1735 sic
1375 1702 1424 1736 te
1476 1703 1680 1748 compo-

287 1771 372 1802 nes
407 1759 467 1802 ad
503 1754 742 1818 quietem,
781 1765 834 1800 ut
890 1752 1071 1800 Divina
1121 1752 1404 1817 cogitanti,
1456 1754 1676 1815 diemque

278 1832 525 1882 posterum
563 1820 826 1885 transigere
863 1819 1072 1864 sanctins
1109 1818 1299 1880 paranti
1332 1851 1342 1877 ,
1392 1833 1536 1880 sopor
1586 1820 1672 1864 ob-

286 1898 460 1946 repat.

345 1968 378 2015 4
429 1947 774 2011 Expergiscens
809 1946 1071 2009 postridie,
1112 1959 1277 1996 mente
1314 1948 1553 1996 continuo
1573 1962 1673 1994 snr-

281 2016 384 2068 εὺιῃ
421 2024 618 2069 erecta,
655 2014 765 2060 dum
804 2025 961 2061 vestes
1015 2027 1196 2070 sumes,
1235 2014 1343 2059 dum
1399 2027 1564 2059 manus
1613 2026 1670 2060 ac

278 2079 457 2127 faciem
494 2078 705 2136 lavabis,
744 2076 976 2125 memoria
1014 2077 1232 2138 repetitis
1269 2077 1387 2124 lucis
1436 2079 1678 2124 hesternae'

272 2144 511 2206 lapsibu3‚
550 2156 684 2204 petes
720 2145 748 2190 a
786 2142 982 2189 Christo
1018 2156 1224 2206 gratiam
1274 2157 1357 2190 eos
1407 2143 1549 2189 hodie
1603 2144 1672 2187 vi-

280 2208 450 2258 tandi.
476 2207 588 2256 [nde
628 2207 952 2255 meditatione
990 2207 1226 2254 matutina
1264 2207 1562 2271 defungariS,
1601 2204 1674 2253 uti

281 2274 437 2336 pridie
475 2271 689 2328 feceras,
727 2285 873 2335 atque
910 2272 968 2318 ad
1005 2273 1208 2320 eundem
1246 2272 1442 2318 modum
1491 2270 1672 2332 reliqua

280 2337 599 2387 continenter
635 2353 878 2402 exequare
899 2355 918 2395 ,·
939 2336 986 2382 in
1010 2337 1196 2399 hocque
1235 2339 1343 2384 vitae
1381 2337 1547 2383 ordine
1569 2349 1670 2381 tam

281 2414 509 2452 constans
545 2414 754 2463 esto,ut
790 2401 923 2450 nullo
959 2402 1058 2449 aiio
1095 2404 1237 2465 quam
1277 2399 1672 2449 valetudinisim-

1521 2479 1601 2527 PC·
