1803 3076
174 291 693 348 EPISTOLARUM.
734 292 831 342 Lib.
866 295 944 343 IV.
980 291 1064 359 Ep.
1086 297 1228 344 XXI.
1286 304 1385 366 '355

77 390 399 451 diremptores
434 388 586 437 litium
626 389 876 454 legerunt,
904 391 1085 438 temere
1120 389 1344 439 indicatis
1380 407 1452 440 se-

75 460 282 503 cundum
317 470 436 516 ipsas
476 452 754 513 praeiudiciis
791 456 1118 527 triumphant,
1143 460 1300 518 eoque
1319 458 1450 505 dein*

69 524 130 568 de
166 535 351 581 semper
384 519 607 589 licentius
643 519 896 581 prOSiliunt
933 522 980 566 in
1017 519 1252 592 querelas
1272 522 1326 572 &
1362 523 1451 569 cri-

73 587 361 633 minationes
396 582 663 656 conjugum
695 599 916 643 suorum,
963 600 1069 632 cuni
1122 599 1188 631 sui
1244 585 1451 648 ipsarum

69 649 462 697 excusationibus
499 664 599 696 sine
638 648 729 696 fine
767 665 821 695 ac
843 659 989 696 mono
1024 651 1327 698 coacervatis
1350 666 1452 722 ‚ra-

67 713 203 762 biosa
240 715 539 776 loquacitate
574 714 885 760 inculcandas
925 712 1071 761 stulte
1106 716 1280 777 patulis
1327 716 1452 764 auri-

72 779 156 826 bus
191 795 357 841 parum
395 784 680 840 prudentum
719 780 1055 827 sacerdotum.

131 860 176 909 7.
218 846 316 909 Ego
355 849 472 891 vero
509 843 631 890 adeo
669 859 765 890 non
805 844 1172 906 vituperandum
1220 845 1450 894 audiente

69 925 223 958 uxore
261 910 412 955 virum
449 906 638 966 iudico,
677 922 730 956 ut
767 907 913 956 etiam
953 910 1250 956 dissimulare
1300 911 1449 959 debe-

68 991 119 1023 re
158 975 464 1021 Sacerdotem
502 974 736 1032 arbitrer,
774 978 970 1022 credere
1004 990 1087 1032 se,
1117 973 1326 1022 mulieris
1362 976 1453 1022 dis·

67 1039 235 1086 sidium
273 1039 436 1084 dome
445 1037 589 1084 ticum
629 1039 899 1099 narrantis,
935 1036 1295 1086 defensionibus
1333 1039 1452 1088 alle-

69 1119 127 1173 ga
118 1105 194 1151 ²tis
230 1119 316 1164 pro
351 1118 429 1151 se
469 1106 637 1165 quibus
675 1117 751 1163 pe
742 1104 960 1150 suadere
1014 1103 1214 1163 nititur,
1269 1105 1452 1152 nullam

72 1168 170 1225 ejus
206 1166 355 1229 culpae
394 1180 577 1228 partem
614 1166 838 1228 imputari
876 1167 958 1214 sibi
996 1183 1168 1229 posse.
1211 1169 1454 1217 Verisimi-

70 1231 136 1279 lia
167 1232 284 1279 licet
322 1245 556 1280 memoret
594 1232 649 1281 &
687 1247 835 1292 vera;
888 1244 1054 1280 tamen
1104 1235 1301 1294 expedit
1356 1248 1454 1281 non

71 1296 287 1346 excusari
326 1312 431 1343 eam
468 1296 528 1343 ab
579 1310 845 1358 interprete
903 1296 1265 1345 conciliationis
1305 1316 1318 1359 3
1375 1299 1459 1346 sed

67 1362 196 1410 serio
234 1362 415 1408 moneri
455 1365 512 1409 de
552 1375 729 1426 magno
767 1378 863 1425 quo
902 1378 1024 1409 uxor
1060 1373 1254 1411 tenetur
1290 1362 1458 1412 officio

75 1427 227 1474 virum
264 1425 560 1485 honorandi,
598 1428 998 1499 perpetiendique
1035 1442 1190 1475 mores
1215 1425 1343 1485 eiuS.
1366 1428 1462 1476 Ad·

75 1493 247 1539 dant·
233 1531 242 1540 .
289 1492 412 1538 hanc
466 1490 676 1538 foeminis
735 1507 1011 1554 impositam
1059 1509 1086 1539 a
1140 1495 1215 1540 De
1223 1510 1254 1540 o
1301 1492 1461 1556 legem

71 1557 354 1629 plerumque
392 1556 452 1602 ab
490 1556 597 1618 ipss
635 1557 801 1604 violari
839 1573 940 1605 non
969 1556 1287 1637 opinantibus
1320 1590 1331 1611 ,
1366 1573 1460 1619 prae

73 1623 156 1668 irae
194 1619 558 1700 perturbatione
576 1635 660 1668 aut
679 1622 879 1670 affectus
900 1655 912 1682 ,
935 1621 1174 1685 nimiaque
1196 1639 1287 1670 suae
1320 1623 1460 1669 inno-

76 1687 248 1734 centiae
272 1685 434 1733 fiduci*
416 1703 443 1733 a
465 1718 475 1744 ,
501 1687 610 1733 dum
629 1686 715 1733 sibi
735 1687 835 1749 plus
868 1704 1005 1751 aequo
1043 1671 1240 1747 favent,
1270 1689 1324 1739 &
1346 1703 1460 1735 cau-

72 1767 144 1798 sas
180 1751 461 1814 indignandi
500 1751 607 1799 viris
645 1705 894 1811 offeprunt,
933 1767 1040 1800 cum
1078 1768 1161 1800 eos
1197 1752 1458 1815 patientia,

76 1815 395 1874 demissione,
435 1815 668 1887 obsequio
706 1817 901 1865 delinire
939 1833 996 1865 ac
1031 1817 1226 1879 placare
1281 1818 1460 1866 debue—

79 1895 217 1929 rant:
257 1896 402 1943 quare
437 1896 501 1940 ip
511 1898 559 1928 as
598 1897 681 1944 par
716 1884 778 1930 sit
814 1897 1042 1930 accusare
1094 1899 1174 1942 se,
1197 1895 1300 1930 tum
1340 1898 1463 1954 quo·

74 1962 168 2009 que
204 1960 310 1993 cum
348 1960 429 1992 sua
463 1946 566 1993 illas
606 1947 797 1996 videtur
833 1948 1087 1995 absolvere
1123 1948 1463 1995 conscientia:

74 2012 286 2073 imperis
265 2029 287 2041 ⁶³
324 2022 485 2057 auttrn
521 2027 708 2072 semper
745 2012 1025 2059 incumbere
1062 2012 1109 2058 in
1147 2014 1353 2060 studium
1404 2011 1464 2062 &

74 2092 131 2123 e>
139 2089 257 2122 eici
264 2073 358 2121 ium
396 2076 799 2147 aequanimitatis,
822 2077 1130 2137 tolerantiae,
1157 2076 1463 2134 obedientiae,

75 2138 387 2210 humilitatis
412 2145 508 2203 quo
548 2157 633 2187 viri
639 2156 655 2186 s
692 2141 893 2188 subditae
930 2144 1100 2189 vivant
1124 2175 1135 2201 ,
1158 2154 1301 2203 prout
1325 2142 1468 2189 Chri-

76 2217 131 2251 st
126 2204 239 2249 anis
276 2190 548 2252 mulieribus
565 2219 810 2266 scriptiirae
849 2207 1100 2267 Apostolic
1107 2205 1468 2276 aepraecipiunt.

80 2270 158 2317 Sic
193 2267 269 2314 ubi
308 2270 496 2318 abunde
535 2270 845 2333 purgaverint
881 2270 1005 2332 apud
1051 2271 1177 2317 viros
1228 2285 1468 2331 suspicio-

82 2348 165 2381 nes
203 2332 425 2379 uxoribus
463 2333 682 2392 favendi,
721 2348 933 2383 caveant
969 2335 1172 2381 vicissim
1227 2351 1286 2383 ne
1339 2331 1470 2396 apud

80 2397 300 2447 mulieres
337 2397 622 2461 offendant,
660 2399 761 2460 jure
809 2400 1018 2463 suspecti
1069 2413 1301 2465 tanquam
1357 2398 1467 2460 ‘ipsis

741 2465 782 2514 Z
821 2480 848 2514 z
1336 2463 1409 2512 in-
