1803 3076
360 330 458 384 454
599 313 649 364 s,
656 314 658 316 ’
683 314 1048 365 rizmcisei
1084 314 1377 369 1111711111

302 412 570 485 Episcopus
605 412 755 462 AEdes
790 409 894 456 illas
931 408 1033 468 jure
1069 413 1216 480 quarn
1247 410 1437 472 optimo
1474 409 1695 458 Societa-

298 478 337 527 ti
372 480 486 541 Jesu
523 493 571 524 in
608 488 894 552 perpetuum
942 487 1277 535 transcripsff:
1317 474 1548 539 simulque
1586 491 1697 538 syn·-

301 545 556 615 graphan]
574 556 717 605 exige
753 556 848 601 qua
889 538 1167 587 Vincentius
1204 552 1438 599 testetur,
1460 556 1507 587 se
1544 544 1697 601 depo-

313 608 393 655 siti
431 608 653 662 nornine,
690 605 751 651 ad
787 604 1059 650 custodiam
1095 605 1338 651 duntaxat
1370 638 1381 664 ,
1431 607 1699 653 habitatio-

301 687 415 720 nem
454 683 706 730 utramque
727 666 890 724 illam,
915 669 1079 716 Sociei
1087 666 1156 714 ati
1183 684 1287 715 cum
1319 672 1569 731 repetierit
1590 672 1699 718 red-

302 738 545 792 dendam,
584 734 669 780 sub
705 733 909 782 tutelam
966 734 1020 784 &
1070 734 1394 793 patrocinum
1441 752 1572 782 suum
1623 751 1699 782 su-

307 816 477 849 mere.
516 802 649 862 Ipsas
685 802 805 847 vero
861 798 1181 845 authenticas
1232 799 1512 846 donatnonis
1566 802 1707 847 iabu-

303 868 408 925 135,
433 867 489 917 ὃ(
528 863 864 926 Archetypum
899 862 1112 924 diploma
1154 863 1352 910 Domini
1374 864 1596 926 Episcopi
1626 880 1702 912 te-

305 946 414 979 cum
433 928 667 982 ablatum
674 928 868 976 Cocino
884 929 960 974 via
981 928 1217 976 tutissima
1232 929 1347 988 depr
1362 936 1583 977 rtandurn
1600 931 1703 976 Go-

305 1012 386 1044 am
405 1012 553 1054 cura,
576 993 643 1041 illi
648 1009 673 1041 c
713 994 759 1040 in
780 993 946 1040 sancti
966 993 1097 1040 Pauli
1121 994 1400 1040 tabulario
1385 1010 1452 1041 ste
1463 997 1706 1042 vandum.

366 1078 415 1124 7.
449 1063 598 1109 Porro
631 1072 683 1107 te
718 1059 764 1105 in
790 1057 996 1106 consilio
1023 1057 1219 1105 Malaca
1257 1058 1531 1106 discedendi
1556 1059 1697 1122 plane

305 1124 452 1185 iubeo
491 1123 881 1173 irrevocabiliter
929 1124 1077 1170 fixum
1134 1124 1386 1185 persistere
1417 1157 1427 1183 ,
1483 1138 1701 1187 vetoque

301 1193 534 1250 omnino,
573 1205 632 1237 ne
669 1187 952 1252 cuiusquam
994 1189 1262 1250 quantisvis
1299 1177 1518 1251 precibus
1556 1223 1566 1249 ,
1605 1200 1693 1236 aut

299 1256 557 1305 fallacibus
594 1254 864 1316 promissis,
903 1253 1067 1300 induci
1105 1254 1300 1312 patiaris
1337 1256 1397 1301 ad
1447 1254 1545 1301 illic
1598 1255 1691 1301 hae-

294 1324 537 1381 rendum3
575 1335 700 1369 neve
737 1334 905 1382 pergas
941 1333 1170 1379 operam,
1208 1319 1354 1382 longe
1392 1318 1554 1367 utilius
1591 1352 1601 1378 ,
1640 1332 1699 1367 ut

300 1404 430 1435 nunc
466 1400 540 1435 res
577 1398 680 1445 est,
717 1384 873 1432 ubivis
910 1382 1024 1429 alibi
1062 1360 1362 1442 locandam,
1411 1384 1459 1431 in
1511 1401 1569 1432 ea
1623 1383 1694 1430 in·

294 1452 471 1518 grata,
510 1452 566 1502 ὅτ
608 1465 669 1498 eo
707 1448 921 1497 subsidio
957 1448 1156 1512 indigna
1206 1448 1409 1497 civitate
1458 1450 1690 1510 perdere,

296 1530 444 1589 prout
480 1533 540 1564 ex
577 1514 746 1579 aliquo
785 1512 878 1572 jam
915 1526 1140 1570 ternpore
1178 1515 1420 1586 contigit.
1439 1517 1564 1562 Cum
1603 1514 1697 1560 bo-

296 1599 363 1631 no
399 1583 492 1630 isto
529 1580 831 1636 Sacerdote,
868 1595 1009 1644 quem
1049 1579 1196 1626 modo
1235 1593 1363 1626 1101111
1374 1581 1482 1626 navi
1529 1613 1539 1634 ‚
1571 1580 1691 1627 Vin-

301 1647 471 1696 centio
508 1645 666 1711 Viega
701 1678 711 1701 ‚
750 1660 934 1707 poteris
975 1678 986 1703 ‚
1037 1644 1073 1690 si
1111 1644 1198 1692 tibi
1237 1643 1506 1701 videbitur,
1543 1643 1689 1690 relin-

293 1727 440 1776 quere
477 1712 617 1759 isthic
660 1711 952 1757 Bernardum
989 1722 1238 1766 nostrum,
1259 1722 1312 1754 ut
1348 1710 1477 1770 quod
1526 1710 1694 1756 hacte-

298 1792 387 1826 nus
423 1774 541 1824 fecit
590 1776 769 1822 docere
820 1790 996 1834 pueros
1036 1773 1268 1834 primores
1305 1772 1492 1820 literas
1531 1775 1587 1826 ὃζ
1637 1790 1691 1820 o-

296 1842 516 1889 rationes
555 1839 913 1897 elementares,
951 1854 1007 1885 ac
1045 1838 1177 1886 Fidei
1229 1837 1516 1886 Christianae
1566 1837 1694 1886 rudi-

300 1917 504 1964 menta,
543 1916 749 1968 pergat.
787 1907 901 1952 Hoc
938 1916 1103 1951 tamen
1142 1915 1301 1950 toturn
1351 1903 1551 1951 arbitrio
1603 1917 1695 1951 tuo

299 1970 570 2033 permitto,
609 1968 822 2016 delibera
860 1968 972 2030 quid
1009 1969 1158 2033 magis
1195 1967 1466 2026 expediat:
1488 1970 1541 2020 &
1578 1985 1689 2030 pro-

299 2049 355 2084 ut
391 2033 747 2084 conducibilius
784 2031 1093 2089 judicaveris
1131 2046 1215 2081 aut
1251 2034 1386 2082 11111111
1422 2033 1576 2084 abduc
1614 2046 1686 2082 te-

299 2116 449 2160 cum,
469 2111 558 2148 aut
593 2114 878 2161 permanere
913 2098 978 2145 ibi
1012 2096 1125 2156 jube
1145 2133 1158 2145 .

356 2167 401 2215 8.
443 2164 705 2213 Ferreriam
741 2165 766 2213 ὲ
806 2164 1060 2212 Societate
1097 2165 1409 2212 amandatum
1459 2162 1689 2228 navigare

291 2230 344 2280 in
384 2229 567 2279 Indiam
606 2228 788 2278 nollem
827 2228 874 2276 in
912 2229 1083 2277 eadem
1121 2241 1284 2277 tecum
1338 2227 1449 2276 navi
1492 2243 1690 2291 :quare

293 2297 355 2344 da
394 2311 624 2355 operam,
663 2307 898 2358 quantum
937 2293 1154 2368 poteris,
1193 2308 1247 2342 ut
1277 2293 1420 2342 aliam
1448 2308 1690 2340 conscen-

287 2361 408 2413 dat.
451 2359 532 2407 Sin
570 2371 655 2409 aut
691 2375 834 2421 copia
873 2360 1007 2407 navis
1045 2358 1241 2407 alterius
1282 2374 1377 2408 non
1413 2356 1505 2407 erit
1541 2390 1552 2416 ‚
1603 2368 1688 2404 aut

292 2424 395 2494 ipse
432 2424 602 2493 utique
637 2440 738 2476 non
771 2422 843 2477 fe
825 2436 898 2474 ret
934 2422 1082 2475 axelii
1117 2426 1145 2473 3
1167 2436 1258 2491 te,·
1294 2423 1689 2491 magnopere-que

384 2525 388 2530 .
1509 2501 1616 2534 Offi-
