1803 3076
183 293 689 346 EPISTOLARUM.
711 295 813 344 Lib.
828 297 904 343 JV.
925 294 1012 358 Ep.
1034 295 1274 346 XXXVI.
1306 310 1404 364 437

91 414 94 417 ·
123 393 216 455 jus
255 392 543 441 Scandelium
580 391 746 439 laudat
767 427 778 437 .
815 393 865 439 Si
884 392 1031 452 fidem
1066 405 1287 438 mercator
1311 391 1467 455 sallat

144 474 306 518 anceps
339 461 479 504 animi
508 458 701 520 pendet,
741 462 827 504 nisi
846 457 974 521 forte
1009 457 1073 504 ad
1105 474 1292 520 regnum
1317 461 1468 506 Sionis’

137 543 182 573 se
222 521 452 585 conferat.
493 526 679 569 Literas·
711 537 751 569 et
794 536 1072 585 conspectum
1112 525 1302 570 Pereirae
1346 523 1467 571 desi-

145 590 318 646 derat,·
352 591 422 636 cui
451 591 743 636 Franciscum
776 589 833 636 de
869 588 992 635 Valla
1026 588 1335 636 commendat.

83 735 124 769 1.
168 718 383 833 DEus
418 733 504 779 per
539 732 671 764 suam
698 715 1160 789 indulgentissimam
1182 715 1464 768 Misericor-

321 783 478 841 diam,
520 783 779 842 Domine,
816 795 946 830 tuam
998 782 1249 830 nobiscum
1299 784 1464 833 navim

76 847 124 895 in
160 852 286 898 hunc
322 850 699 896 Sancianensem
751 860 945 910 portum
999 847 1224 911 perduxit
1276 847 1465 897 incolu-

77 929 238 962 mem.
277 910 374 961 Hic
411 927 514 975 quae
549 913 609 960 sit
645 912 772 961 ratio
808 913 1126 976 conditioque
1163 915 1461 975 commercii,

79 980 225 1042 quive
259 978 610 1042 negotiationis
661 990 745 1024 aut
793 975 978 1025 fructus
1032 993 1238 1040 praesens
1293 992 1463 1040 extet,

77 1057 163 1091 aut
198 1059 304 1106 spes
339 1044 386 1088 in
421 1054 669 1104 posterum
708 1039 988 1114 affulgeat,
1034 1042 1245 1091 scribent
1297 1046 1359 1092 ad
1409 1056 1462 1094 te

75 1108 216 1156 multi
251 1107 418 1156 talium
456 1106 729 1156 callentes:
781 1123 873 1170 ego
912 1106 992 1171 qui
1049 1123 1213 1169 parurn
1264 1108 1332 1158 his
1386 1121 1467 1158 at-

74 1176 257 1230 tendo,
294 1171 560 1219 consultius
599 1171 766 1235 putavi
803 1146 862 1219 de
901 1188 949 1220 re
988 1173 1143 1219 minus
1180 1172 1291 1220 mihi
1342 1173 1465 1223 nota

72 1238 222 1286 verba
259 1252 357 1284 non
393 1235 594 1284 facere.
631 1236 779 1310 Qod
817 1236 912 1283 mei
949 1248 1024 1284 est
1075 1237 1262 1302 negotii
1317 1255 1463 1287 narro

69 1302 194 1351 tibi:
232 1313 497 1364 expectare
534 1317 609 1349 me
644 1317 692 1348 in
730 1300 830 1349 dies
866 1301 1076 1367 singulos
1134 1314 1463 1353 mercatorem

73 1368 151 1429 qui
186 1366 402 1428 recepit,
441 1382 491 1414 se
527 1382 603 1414 me
654 1367 702 1413 in
755 1369 1034 1415 Cantonem
1087 1380 1461 1429 pervecturum.

75 1433 307 1497 Transegi
343 1447 451 1479 cum
487 1447 548 1479 eo
586 1445 640 1480 ut
676 1431 814 1479 istam
854 1431 966 1479 mihi
1017 1448 1216 1493 operam
1267 1445 1463 1495 praesta-

73 1509 181 1555 ret,
219 1496 459 1559 promissis
496 1496 728 1544 mercedis
765 1497 960 1545 nomine
997 1496 1171 1561 viginti
1208 1501 1320 1561 picis
1354 1531 1365 1558 ,
1408 1508 1465 1546 ut

73 1560 155 1611 hic
189 1561 323 1625 loqui
361 1561 554 1619 solent,
594 1563 686 1610 hoc
723 1574 795 1610 est
832 1562 1065 1610 mensuris
1101 1564 1305 1626 piperis,
1324 1579 1462 1636 qua-

71 1643 176 1676 rum
212 1627 511 1689 unaquaeque
547 1626 687 1674 libras
723 1626 892 1688 pendit
927 1638 1124 1674 centum
1165 1627 1336 1692 viginti
1373 1629 1464 1676 Lu-

70 1693 277 1741 sitanaS.
316 1692 561 1740 Succedat
597 1692 780 1739 utinam
819 1692 911 1739 hoc
947 1693 1245 1753 necotium(
1274 1695 1328 1745 &
1355 1709 1464 1742 suc-

74 1773 315 1806 cessurum
355 1772 494 1815 spero
532 1758 553 1818 )
592 1757 651 1804 ad
688 1757 951 1804 maximum
991 1759 1086 1804 Dei
1127 1759 1335 1807 Domini
1368 1775 1460 1807 no-

71 1824 156 1871 stri
192 1821 475 1892 obsequium
515 1823 566 1873 <51
604 1821 845 1886 gloriam.

140 1904 184 1937 2.
220 1887 267 1934 Si
304 1902 433 1943 cujus
470 1887 678 1934 hominis
716 1886 762 1934 in
800 1902 857 1934 ea
893 1897 1001 1935 tota
1040 1903 1090 1935 re
1128 1886 1358 1936 meritum
1388 1904 1464 1936 er-

70 1969 129 2017 ga
171 1952 408 1999 Divinum
448 1952 645 1999 Numen
682 1952 872 2000 extabit
910 1952 1094 2011 ullum,
1110 1964 1244 2000 tuum
1266 1951 1463 2015 profec-

75 2021 131 2065 to
169 2017 281 2064 erit
325 2010 527 2087 tibique·
549 2017 595 2062 in
633 1985 1204 2079 solidumimputa'oitur,
1231 2018 1464 2079 quoniam

75 2082 131 2133 &
168 2093 408 2142 sumptum
449 2079 722 2128 universum
771 2098 888 2130 meae
939 2098 1259 2145 meorumque
1312 2083 1468 2130 comi-

73 2160 176 2195 tum
208 2147 516 2195 advectionis
553 2146 599 2192 in
655 2147 777 2194 hanc
830 2147 1032 2194 insulam
1071 2180 1082 2207 ‚
1133 2159 1468 2211 praetereaque

75 2214 284 2274 pretium
320 2214 347 2259 a
385 2227 459 2258 me
497 2222 799 2283 pactum,ut
833 2211 958 2271 dixi
984 2228 1070 2274 pro
1107 2211 1272 2260 nostra
1307 2212 1466 2260 intro·

75 2275 304 2324 ductione
341 2276 386 2324 in
445 2276 643 2323 contine
651 2290 782 2324 ntem
821 2275 1032 2325 Sinicam
1067 2276 1470 2349 provinciamque

75 2341 376 2389 Cantoniarn
412 2374 423 2396 ‚
463 2341 789 2390 liberalissime
843 2354 895 2389 tu
952 2341 1165 2406 suggeris
1201 2377 1212 2388 .
1251 2343 1467 2390 Thomas

77 2405 359 2454 Scandelius
397 2409 550 2456 Proci
557 2420 691 2454 rator
726 2419 834 2454 tuus
872 2409 1054 2458 summa
1088 2405 1182 2455 fide
1205 2407 1469 2470 exequitur

684 2473 721 2521 E
759 2487 784 2520 e
819 2485 844 2538 3
1271 2473 1405 2536 quod
