1803 3076
264 296 751 348 EPISTOLARUM
772 331 782 343 .
810 297 907 343 [ib.
925 299 1018 344 111.
1038 297 1123 359 Ep.
1145 295 1261 342 XX.
1348 295 1437 362 183

126 392 249 440 ribus
285 406 340 438 ac
375 389 545 437 litteris
582 388 784 436 imbuite
804 407 823 447 ;
842 389 887 435 in
912 388 1145 438 Lusitano
1166 402 1389 438 sermone
1411 390 1506 440 utin'

124 472 218 519 que
255 466 507 511 exercete,
545 467 599 501 ut
635 455 742 511 hie,
783 453 860 500 ubi
900 469 1077 520 magno
1113 452 1213 498 usui
1253 469 1353 501 esse
1392 472 1503 516 pos-

124 532 261 575 sunt,
300 520 617 579 interpretum
657 533 852 566 munere
909 520 1168 583 fungantur
1204 553 1216 565 .
1267 519 1505 581 Equidem

128 585 251 632 unde
288 580 492 638 majores
531 584 797 630 animoium
836 581 1016 634 fructus
1062 580 1244 645 percipi
1289 599 1503 647 queant,

127 651 267 710 quiam
306 663 364 694 ex
401 648 617 709 Japonia
653 664 709 695 ac
748 648 908 707 Sinis,
944 648 1068 697 orbis
1127 659 1263 695 tetrae
1316 663 1506 709 partem

118 727 219 759 esse
255 711 463 760 arbitror
499 712 678 759 nullam
701 750 709 758 .
735 714 944 762 Venient
963 713 1117 762 isthuc
1138 711 1185 758 in
1223 713 1507 780 Collegium

122 776 214 823 hoc
249 792 377 824 anno
417 777 584 824 Bonzii
620 779 836 840 Japones
873 778 1002 836 duo,
1051 776 1129 841 qui
1184 778 1361 827 omisso
1415 779 1505 827 illo

116 840 352 905 sacrilego
387 842 691 902 sacerdotio,
729 843 786 889 ad
823 843 1002 892 Christi
1037 842 1196 891 Fidem
1233 856 1334 893 sese
1382 859 1505 895 con·

119 905 363 954 tulerunt.
1490 946 1492 950 ,

192 991 238 1033 4.
273 972 476 1025 Curate,
518 982 572 1018 ut
607 987 691 1019 eos
730 972 935 1021 comiter
970 972 1275 1039 benigneque
1321 983 1505 1024 tracte·

129 1034 217 1091 tis,
256 1033 372 1082 item
411 1047 463 1082 ut
499 1050 625 1100 ego,
662 1038 767 1083 cum
805 1039 931 1098 apud
969 1054 1055 1088 vos
1092 1052 1269 1088 essem.
1310 1039 1506 1090 Paulum

122 1101 366 1160 Japonem
406 1102 432 1146 ἐι
472 1100 511 1146 S.
557 1100 666 1148 Fide
706 1103 1222 1151 tractabam.Etenitn
1257 1103 1506 1165 Japonum

127 1164 318 1226 ingenia
357 1161 585 1218 eiusmodi
623 1179 768 1224 sunt,
805 1179 857 1213 ut
896 1167 1026 1216 null&
1062 1183 1111 1215 re
1150 1167 1410 1216 flectantur
1445 1185 1506 1217 ac

126 1241 351 1292 regantur
386 1227 511 1287 alia,
549 1228 636 1276 nisi
673 1230 980 1280 humanitate
1018 1247 1075 1279 ac
1128 1230 1508 1284 benevolentia.

127 1295 241 1340 Tres
279 1291 385 1339 illos
422 1309 540 1356 quos
576 1295 775 1355 poposci
813 1297 982 1345 Socios
1032 1297 1091 1343 ad
1142 1310 1217 1342 me
1268 1296 1503 1347 mittetis.

127 1357 394 1418 Epistolam
430 1370 594 1406 autem
631 1360 689 1407 de
727 1359 1033 1409 interioribus
1069 1361 1216 1409 animi
1262 1363 1510 1422 sensibus,

133 1438 273 1483 quam
310 1422 356 1469 in
392 1422 610 1471 eumdem
644 1421 926 1474 fasciculum
967 1424 1155 1484 conieci
1194 1425 1417 1483 ,circum
1455 1443 1508 1476 a·

130 1486 214 1533 lias
251 1489 502 1535 Sociorum
538 1491 831 1553 sedes‚quae
870 1491 915 1537 in
953 1491 1091 1540 India
1126 1502 1265 1549 sunt,
1305 1492 1429 1541 mitti
1451 1506 1512 1541 ac

134 1551 319 1599 recitari
358 1552 550 1614 placet.
577 1554 793 1602 Christus
828 1556 1065 1604 Dominus
1105 1567 1270 1604 noster
1304 1573 1388 1619 pro
1424 1572 1510 1605 sua

133 1616 357 1664 bonitate
393 1632 451 1663 ac
489 1617 813 1666 misericordia
853 1636 939 1669 nos
975 1636 1143 1670 omnes
1177 1619 1223 1668 in
1259 1637 1343 1670 sua
1392 1618 1505 1671 feli-

133 1680 285 1729 citate
321 1679 620 1748 conjungat.
657 1688 847 1733 Amen.

190 1811 336 1858 Datae
374 1813 464 1860 ΙΙΙ.
503 1814 635 1863 Non.
691 1815 1016 1866 Novembris·
1070 1819 1140 1867 M.
1190 1818 1257 1866 D.
1308 1815 1513 1868 XLIX·

261 1877 607 1941 Cangoximae.

403 2007 948 2062 EPISTOLA
1018 2013 1227 2062 XXI.

401 2136 640 2187 Societati
674 2141 791 2203 Jesu
827 2140 1222 2190 Conimbricam.

131 2266 300 2315 Eadem
326 2265 454 2329 fere,
493 2286 589 2332 quae
623 2272 809 2332 epistola
834 2271 919 2330 18,
957 2275 1170 2321 resecatis
1201 2271 1505 2338 plerisquead

196 2336 419 2381 virtutem
454 2336 788 2383 incitamentis.
824 2353 877 2386 v.
915 2336 1139 2386 Chronot.

719 2463 776 2512 M
810 2480 844 2530 4
1360 2467 1443 2531 Ja-
