1803 3076
158 293 689 347 EPISTULARUM.
723 292 829 341 Lib.
851 293 928 342 JV:
953 295 1246 360 Ep.XV1H.
1299 307 1393 364 337

61 410 113 445 ι.
287 392 530 452 Atthaeus,
570 393 625 444 &
663 390 926 439 Bernardiis
961 390 1222 453 Japone5‚
1211 407 1221 415 ·
1259 391 1339 454 qui
1376 407 1452 441 me

312 458 420 504 inde
457 473 605 528 usque
642 471 700 504 ex
736 457 946 519 Japon'ia
1001 470 1047 501 in
1106 457 1288 503 Indiam
1343 469 1452 506 sunt

60 521 334 597 prosecuti,
361 523 564 570 veniunt
600 522 786 580 isthuc,
825 537 884 569 eo
922 518 1151 579 consilio,
1190 533 1242 569 ut
1279 521 1325 568 in
1362 524 1454 570 Lu-

58 591 282 638 §itaniam
318 599 466 650 atque
504 586 697 634 ltaliam
736 585 979 648 profecti,
1016 585 1305 634 Christianae
1342 587 1456 634 reli-

58 653 214 733 gionis
254 652 623 714 amplitudinem
661 652 841 710 visam,
879 667 934 699 ac
969 650 1265 722 perspiciant
1300 655 1454 713 potis-

58 721 226 767 simum
263 721 468 768 Romae:
493 718 603 765 inde
640 717 833 764 domurn
870 732 1049 765 reversi
1072 730 1355 779 ,comperta
1394 719 1454 765 ab

58 800 110 833 se
145 785 196 835 &
237 783 336 831 visa
373 783 656 830 renuntient
693 782 909 830 civibus.
943 783 1109 850 Qare
1144 782 1211 828 sic
1246 797 1329 829 eos
1365 782 1454 831 tibi

58 850 379 906 commendo,
420 860 472 895 ut
510 847 692 904 majore
729 846 889 896 studio
926 861 1165 894 neminem
1203 862 1456 896 commen-

67 916 181 962 dare
218 930 302 976 po
287 917 427 960 sim.
469 916 546 960 Da
583 929 813 975 operam,
852 925 904 960 ut
941 911 1037 959 laeti
1076 927 1131 958 ac
1171 914 1274 961 voti
1321 928 1459 960 com-

66 993 207 1042 potes
245 993 583 1026 revertamur:
624 993 733 1025 nam
779 976 971 1024 illorum
1023 976 1307 1025 testificatio
1359 994 1459 1027 ma-

66 1060 213 1110 gnam
251 1044 422 1102 nobis,
461 1059 516 1090 ac
569 1043 752 1092 nomini
798 1041 1078 1090 Christiano
1129 1041 1456 1093 conciliatura

61 1124 135 1157 est
169 1108 544 1156 auctoritatem.

125 1191 168 1222 2.
202 1175 418 1235 Japones
455 1171 631 1235 quippe
665 1184 852 1222 ceteras
874 1173 1097 1222 nationes
1129 1183 1457 1224 contemnunt

60 1256 155 1303 prae
191 1254 271 1286 se:
311 1250 459 1308 atque
499 1239 599 1286 haec
635 1235 727 1285 fuit
762 1253 904 1286 causa
926 1270 937 1297 ,
959 1254 1041 1286 cur
1063 1235 1192 1285 nulla
1212 1254 1318 1285 cuin
1336 1256 1457 1303 gen-

63 1319 116 1353 te
152 1318 452 1352 commercio
490 1300 830 1366 jungerentur,
853 1305 1012 1367 quoad
1035 1308 1096 1351 eo
1134 1304 1349 1351 Lusitani
1374 1321 1458 1354 oc-

63 1381 119 1418 to
158 1380 242 1415 aut
279 1383 458 1416 novem
495 1368 555 1414 ab
592 1367 702 1416 hinc
739 1368 875 1415 annis
910 1368 1232 1431 appulerunt.
1264 1369 1462 1417 Hasin..

64 1434 189 1483 sulas
230 1433 435 1494 Hispani
470 1433 782 1497 Argentarias
821 1446 1032 1482 vocant.
1070 1437 1142 1482 Ac
1177 1431 1292 1480 mihi
1329 1437 1463 1484 Lusi..

65 1511 170 1546 tani
207 1499 397 1561 quidam
433 1499 481 1544 in
516 1498 727 1561 Japonia
780 1499 1132 1547 confirmarunt
1164 1531 1176 1558 ‚
1215 1498 1462 1562 Hispanos

64 1580 124 1612 ex
163 1579 291 1612 nova
330 1566 564 1625 Hispania
603 1563 857 1612 Molucurn
896 1576 1120 1627 petentes
1170 1564 1462 1625 praetervehi

66 1628 238 1677 solitos
271 1628 572 1690 Japoniam,·
594 1629 630 1676 si
668 1644 761 1701 qua
796 1640 961 1677 autem
998 1645 1164 1677 eorum
1213 1629 1349 1677 navis
1400 1633 1463 1677 eo

68 1694 314 1756 appellere
351 1706 586 1754 conetur,
642 1695 690 1740 in
738 1693 911 1742 itinere
959 1694 1158 1743 interire
1194 1711 1205 1742 :
1234 1692 1342 1766 ‚ejus
1395 1693 1465 1742 rei

63 1760 191 1807 hanc
225 1776 251 1806 a
287 1759 558 1830 Japonibiis
594 1758 754 1807 afferri
790 1775 1015 1821 causam,
1053 1759 1182 1823 quod
1234 1759 1278 1806 in
1314 1761 1464 1823 Japo-

73 1826 188 1871 nico
228 1839 347 1871 mari
384 1824 444 1871 ab
481 1840 538 1872 ea
574 1836 742 1886 parte,
780 1824 877 1888 qua
929 1841 987 1873 ex
1040 1841 1171 1873 nova
1225 1824 1465 1887 Hispania

65 1889 113 1936 in
149 1889 410 1951 Japoniam
449 1888 742 1953 navigatur,
781 1890 1032 1952 permultae
1084 1901 1239 1953 syrtes
1293 1905 1466 1938 occur-

65 1967 203 2012 rant,
243 1953 318 2000 ubi
359 1969 502 2002 naves
539 1954 830 2003 inhaerentes
867 1956 1170 2018 depereant.

133 2039 175 2082 3.
216 2021 326 2066 Hoc
363 2022 424 2065 eo
460 2019 648 2079 scribo,
686 2032 739 2067 ut
776 2022 925 2090 Regis
959 2037 1015 2068 ac
1053 2020 1255 2085 Reginae
1292 2020 1465 2067 litteris

72 2083 305 2132 Caroluin
344 2085 610 2143 Caemrem,
649 2085 704 2135 &
759 2084 1001 2145 Hispaniae
1055 2087 1244 2150 Regem
1300 2086 1467 2131 admo-

70 2149 257 2195 nendos
312 2164 480 2207 cures,
519 2164 579 2196 ne
617 2165 676 2196 ex
729 2165 860 2195 nova
900 2151 1137 2212 Hispania
1192 2149 1364 2197 classes
1403 2147 1468 2196 ad

71 2214 374 2272 occupandas
407 2214 721 2278 Argentarias
761 2213 934 2262 insulas
973 2216 1170 2263 mittat:
1210 2229 1380 2260 omnes
1417 2228 1467 2261 e-

69 2279 166 2325 nim
206 2293 350 2326 naves
387 2279 408 2340 (
444 2293 497 2325 ut
532 2295 659 2326 nunc
697 2279 887 2338 quidem
927 2293 998 2328 est
1034 2283 1055 2343 )
1093 2281 1153 2327 ad
1202 2294 1346 2325 unam
1381 2293 1468 2340 pe-

69 2344 268 2390 rituras.
311 2342 533 2402 Etenim,
571 2356 625 2392 ut
662 2343 927 2391 incolumes
964 2345 1025 2392 ad
1072 2344 1245 2390 insulas
1299 2359 1381 2404 per
1364 2359 1471 2391 ve·

68 2404 295 2520 {pamfli
332 2422 494 2457 earum
528 2408 675 2472 potiri
711 2421 956 2520 canentur
1002 2409 1174 2469 armis
1212 2407 1470 2520 negoftiiirn

123 2490 202 2520 om.
243 2476 312 2520 ΙΙ.
1353 2489 1379 2520 o
