1803 3076
392 305 493 372 296
633 301 680 352 S.
716 300 1088 354 FRANCISCI
1121 299 1415 351 XAVERH

326 398 419 449 eil&
460 397 769 447 remittentes
822 399 993 447 ardens
1043 399 1251 447 studium
1310 395 1505 445 Divinae
1552 396 1720 463 gloriae

327 480 415 530 per
450 480 613 513 veram
650 465 711 511 ad
738 467 895 512 Deum
916 464 1285 512 conversionem
1302 462 1569 511 animarum
1593 479 1716 511 sum·

330 546 413 580 mo
449 543 632 579 conatu
670 528 988 590 procurandae
1014 562 1025 575 .

396 597 440 644 8.
479 597 598 644 Haec
635 609 736 656 quae
773 593 873 640 dixi
907 593 1142 640 hactenus
1179 593 1274 641 acri
1330 591 1506 641 mentis
1553 604 1719 643 atten-

323 661 466 711 tione
503 658 771 719 perpendas
809 671 1018 704 censeo:
1062 658 1239 721 desque
1280 673 1479 718 operam
1516 671 1568 706 ut
1620 659 1719 708 isti-

331 724 520 775 usmodi
556 722 794 779 sensibus,
832 721 1028 768 intimos
1065 723 1134 769 tui
1172 723 1320 769 animi
1355 725 1481 771 sinus
1518 725 1714 785 imbuas,

329 791 621 856 penitusque
658 783 1097 850 perfundas;haud
1121 786 1278 834 sinens
1314 787 1514 836 evolare
1532 792 1566 836 si
1586 791 1715 852 quld,

329 865 475 919 prout
511 852 665 911 solet,
715 850 1076 910 benignissimus
1118 852 1356 898 Dominus
1407 850 1494 900 tibi
1540 856 1722 903 Divina

330 918 587 968 meditanti
633 916 845 965 coelestis
881 915 1218 964 illustrationis
1254 915 1523 976 afflaverit,
1561 920 1638 966 sed
1674 920 1722 967 id

329 984 592 1049 diligenter
628 982 674 1029 in
710 981 926 1030 libellum
962 982 1023 1029 ad
1073 984 1356 1029 memoriam
1413 980 1671 1032 conferens
1707 1020 1721 1034 .

330 1051 518 1114 Magna
556 1064 686 1111 pars,
725 1046 840 1094 mihi
878 1047 1052 1106 crede,
1095 1050 1196 1095 veri
1233 1045 1481 1109 profectus
1529 1048 1576 1095 in
1616 1049 1722 1103 Soi-

328 1116 424 1163 ritu
464 1116 576 1162 Deo
614 1111 955 1171 servientium,
979 1113 1024 1159 in
1061 1113 1150 1160 hac
1187 1112 1534 1161 observatione
1567 1114 1617 1164 δι
1642 1130 1719 1162 so-

327 1178 464 1227 licita
500 1179 862 1244 recogitatione
900 1177 1182 1225 notitiarum
1221 1176 1490 1224 istiusmodi
1524 1211 1535 1238 ,
1574 1194 1720 1226 oran-

324 1245 391 1292 do
429 1259 487 1291 ac
523 1242 908 1291 commentando
948 1255 1315 1303 perceptarum,
1367 1242 1458 1290 sita
1516 1255 1617 1290 est.
1657 1247 1719 1292 E—

330 1310 484 1358 tenim
536 1309 571 1356 si
621 1308 978 1356 momentaneis
1027 1306 1124 1354 istis
1179 1307 1443 1370 aliquando
1496 1308 1721 1372 dignatus

327 1374 562 1438 quispiam
606 1372 797 1421 Divinae
840 1372 958 1420 lucis
996 1372 1179 1431 radiis,
1217 1372 1453 1419 veritates
1503 1389 1586 1434 per
1637 1389 1720 1420 eos

328 1443 554 1488 detectas
590 1438 742 1487 literis
777 1438 1168 1502 consignaverit,
1207 1435 1354 1501 longe
1401 1436 1499 1485 alio
1553 1437 1720 1486 videli-

326 1517 410 1553 cet
444 1505 592 1552 animi
643 1514 781 1551 motu
836 1500 1094 1565 fructuque
1145 1501 1285 1550 istam
1338 1518 1395 1550 ex
1452 1502 1717 1552 intervallo

326 1569 613 1632 scripturam
652 1567 874 1633 releget,
914 1570 1055 1631 quain
1092 1566 1129 1614 si
1167 1583 1264 1614 non
1319 1579 1445 1614 esset
1488 1582 1717 1618 exnertus

334 1650 438 1697 quae
476 1636 656 1682 charta:
693 1631 1165 1695 illevit:quinetiam
1202 1631 1474 1680 luculentas
1494 1631 1597 1679 illas
1619 1631 1720 1680 for-

333 1715 434 1747 mas
472 1699 605 1762 quasi
639 1696 874 1763 fugitivas
910 1698 1152 1756 retrahet,
1192 1697 1466 1759 iterumque
1502 1710 1716 1762 regusta-

328 1763 400 1812 bit
436 1765 574 1811 vivos
609 1774 908 1821 sensu3,aut
944 1777 1110 1809 eorum
1153 1763 1284 1809 certe
1323 1760 1510 1809 clariori
1556 1779 1719 1810 recor-

325 1828 525 1877 datione
561 1826 871 1876 saluberrime
908 1824 1216 1891 vegetabitur
1236 1827 1295 1873 ad
1329 1824 1580 1876 ferventer
1595 1843 1713 1889 ope-

324 1894 525 1942 randum
563 1893 940 1955 sapiendumque
977 1904 1123 1954 prout
1158 1892 1395 1939 convenit
1430 1907 1489 1939 ex
1512 1909 1716 1955 praesen-

323 1958 363 2007 ti
400 1959 700 2006 usu.Latum
737 1957 990 2005 enimvero
1026 1957 1281 2004 discrimen
1317 1956 1499 2018 saporis
1536 1974 1592 2005 ac
1627 1973 1714 2022 gu-

323 2035 423 2071 stus
458 2022 712 2085 spiritualis
750 2035 825 2070 est
861 2021 986 2071 inter
1021 2022 1242 2088 vulgares
1290 2021 1501 2070 lectores
1561 2024 1718 2070 istius-

323 2088 460 2136 modi
496 2104 654 2136 rerum
691 2091 718 2137 a
766 2086 940 2135 sanctis
977 2091 1002 2137 ὲ
1039 2102 1297 2153 congressu
1335 2103 1442 2135 cum
1487 2090 1596 2135 Deo
1645 2104 1720 2135 re-

298 2152 549 2202 ‘centibus
585 2152 1076 2216 scriptarum2&eos
1113 2152 1189 2216 qui
1229 2152 1421 2215 propria
1458 2151 1507 2199 in
1543 2153 1626 2210 iis,
1664 2154 1720 2205 <Sc

323 2217 442 2268 alias
479 2230 678 2275 experta
719 2218 1222 2283 recognoscunt3quz⁴2
1259 2216 1490 2266 memoria
1529 2219 1583 2269 ὃ(
1606 2233 1717 2265 sen-

322 2298 378 2332 su
416 2283 590 2331 intimo
628 2282 703 2347 qui
742 2295 946 2342 carent,
984 2285 1149 2346 parum
1196 2285 1310 2332 sane
1364 2282 1449 2330 tali
1502 2282 1718 2332 lectione

321 2348 618 2412 proficiunt.
656 2351 688 2397 P
715 2361 919 2410 opterea
959 2361 1104 2397 autor
1141 2349 1440 2412 magnopere
1479 2347 1565 2396 tibi
1614 2363 1717 2396 snm

320 2414 689 2479 ephemeridum
736 2412 873 2473 liuius
922 2417 1115 2483 generis
1169 2414 1340 2467 sedulo
1386 2411 1716 2465 conficienda-

1545 2495 1653 2528 xum
