1803 3076
407 340 409 343 ,
437 289 533 340 116
693 289 743 337 S.
775 282 1139 335 FRANCISCI
1173 282 1472 334 XAVERII

368 415 371 430 2
438 392 480 443 5.
522 376 617 426 Sed
655 391 708 428 ut
742 378 805 425 ad
852 378 944 425 iter
1003 389 1220 425 nostrum
1255 388 1596 436 revertamur,
1645 395 1749 441 per.

369 445 589 491 venimus
625 443 673 491 'in
709 444 835 491 hanc
871 441 1144 506 Civitatem
1183 444 1522 490 Malacensem
1574 453 1670 491 tres
1725 450 1752 496 ὲ

373 510 654 568 Societate,
704 523 814 557 cum
850 507 1123 569 Japon'ibiis
1159 506 1406 565 totidem,
1457 507 1608 568 pridie
1645 509 1752 558 Kal.

371 573 539 636 junias
575 572 708 629 hujus
755 587 865 619 anni
900 574 1278 625 CIDlDXLIX.
1312 574 1643 621 Occurrerunt
1663 590 1749 622 ex-

372 639 714 686 scendentibus
734 636 1096 685 consentientia
1131 637 1260 683 dicta
1280 636 1623 698 plurimorum,
1660 643 1748 687 mi-

370 719 425 751 13
460 713 621 750 certa
614 703 690 748 1111
727 702 786 749 cle
824 715 906 761 spe
943 700 1133 760 optima
1184 715 1451 748 successum
1509 701 1744 752 habiturae

369 768 419 816 iri
452 766 664 828 Japonia
701 763 1058 815 Praedicationis
1078 765 1380 827 Evangelicae
1414 766 1745 835 nunciantium

369 833 396 881 ὲ
431 832 580 879 literis
618 845 733 894 quas
783 830 1123 878 monstrabant
1177 829 1236 875 ab
1285 828 1451 875 amicis
1505 832 1744 883 Lusitanis

372 896 723 944 mercatoribus
767 893 869 942 illic
918 891 1282 965 negotiantibus
1343 894 1601 944 novissime
1664 914 1745 945 ac

363 972 579 1024 neptas.
632 962 822 1009 Horum
872 957 920 1004 in
975 973 1079 1005 unis
1128 958 1412 1023 legebatur;
1467 961 1744 1021 Dynastam

373 1025 615 1088 quendam
649 1025 697 1072 in
728 1024 820 1072 illis
840 1022 1071 1085 laponum
1109 1023 1277 1070 Insulis
1314 1026 1424 1071 sane
1461 1026 1750 1090 opulentum

374 1106 434 1139 ac
470 1103 766 1152 potentem,
804 1103 982 1151 cupere
1019 1087 1350 1136 Christianum
1387 1088 1517 1146 fieri,
1554 1088 1747 1155 jamque

374 1156 636 1204 destinasse
689 1156 747 1202 ad
797 1157 1055 1202 Praetorem
1111 1153 1288 1210 Indiae,
1323 1153 1613 1223 Legatum,
1665 1173 1747 1219 qui

373 1221 573 1269 nomine
609 1235 694 1267 suo
732 1219 792 1265 ab
828 1218 912 1264 illo
949 1230 1170 1277 peteret,
1209 1216 1334 1264 mitti
1371 1218 1433 1264 ad
1467 1233 1515 1265 se
1552 1222 1746 1268 Docto-

374 1302 449 1335 res
487 1283 782 1334 Christianae
831 1281 1136 1347 Religionis,
1187 1299 1216 1331 a
1266 1281 1435 1346 quibus
1481 1281 1540 1331 ad
1588 1285 1750 1335 Fidem

375 1350 681 1399 erudiretur.

439 1416 486 1465 6
523 1417 581 1462 In
617 1412 719 1462 aliis
755 1413 815 1460 ad
850 1427 926 1460 me
962 1410 1154 1474 proprie
1190 1409 1316 1459 datis
1351 1409 1579 1474 scriptum
1613 1428 1751 1478 repe·-

375 1479 451 1530 xi.-
484 1478 719 1528 Lusitanis
770 1477 961 1540 aliquot
995 1475 1411 1548 negotiatoribus
1443 1493 1607 1527 recens
1664 1495 1749 1539 ap-

375 1544 520 1609 pulsis
558 1544 605 1591 in
639 1555 826 1591 certam
847 1541 1068 1605 Japoniae
1105 1557 1383 1611 regionem,
1402 1542 1456 1594 ὃ(
1494 1542 1751 1605 hospitium

377 1610 458 1658 ubi
516 1609 870 1657 diversarentur
922 1606 1278 1670 quaerentibus,
1343 1606 1441 1653 loci
1510 1610 1754 1673 Regulum

380 1674 611 1724 obtulisse
672 1673 905 1736 quasdam
965 1672 1087 1719 aedes
1155 1671 1338 1720 idcirco
1392 1670 1752 1721 habitatoribus

378 1755 589 1798 vacuaS,
624 1739 754 1800 quod
790 1748 915 1785 esset
951 1734 1253 1797 experientia
1288 1748 1623 1798 compertum,
1671 1754 1756 1793 eas

378 1806 407 1853 ὲ
442 1803 700 1851 lemuribus
737 1801 955 1849 infestari
990 1800 1145 1849 solere
1183 1803 1532 1849 vehementer.
1567 1804 1752 1874 Ingres-

379 1883 456 1919 sos
492 1873 555 1918 eo
593 1870 872 1923 Lusitanos,
909 1865 1102 1931 ignaros
1137 1863 1235 1920 eius
1272 1866 1378 1914 vitii
1415 1866 1568 1929 (113111
1603 1867 1648 1914 id
1668 1869 1754 1930 Ja-

378 1948 536 2005 pones
571 1936 732 1981 astute
768 1930 1232 1992 dissimulaverant)
1269 1930 1432 1980 mirari
1467 1947 1554 1993 pei·
1587 1945 1759 1980 noctes

381 1998 575 2061 aliquot
611 1996 812 2055 solitOS,
849 1995 936 2044 sibi
973 1996 1369 2042 decumbentibus
1407 2008 1566 2044 vestes
1595 1996 1651 2047 &
1684 1996 1755 2044 le-

380 2065 625 2112 ctulorum
661 2061 807 2123 pallia
843 2059 1058 2117 detrahi,
1097 2075 1223 2107 nem
1234 2075 1292 2108 ne
1329 2060 1439 2107 dum
1476 2059 1753 2123 circumspi-

381 2140 520 2176 ceret
556 2137 856 2189 apparente.
908 2126 1126 2173 Tandem
1177 2124 1387 2188 aliquem
1436 2141 1494 2173 ex
1545 2141 1752 2187 ipsorum

379 2191 569 2242 familia
618 2205 818 2255 puerum
870 2202 1018 2237 nocte
1072 2189 1365 2251 intempesta
1426 2190 1530 2238 viso
1579 2191 1756 2253 spectri

379 2256 607 2311 horrendi
643 2267 1041 2313 consternatum,
1078 2269 1202 2302 voce
1241 2255 1451 2304 niaxnna
1485 2254 1610 2327 paris
1645 2271 1749 2317 per-

383 2319 677 2373 turbationis
712 2321 872 2368 indice
921 2331 1125 2368 cunctos
1159 2319 1432 2381 excitasse,
1485 2319 1552 2367 ita
1606 2332 1658 2368 ut
1693 2336 1752 2367 ex

379 2389 542 2439 stratis
593 2386 881 2448 exilientes,
929 2400 1042 2433 cum
1091 2383 1233 2434 armis
1285 2384 1347 2464 ad
1392 2382 1750 2436 vociferantem

1526 2463 1691 2497 accur-
