1803 3076
223 282 742 338 EPISTOLARUM.
761 280 865 329 Lib
899 283 994 330 111.
1019 283 1104 346 Ep.
1122 283 1257 332 Vm.
1318 294 1379 349 73

66 380 315 456 dispersis.
349 381 582 452 Equidem
620 395 706 441 pro
743 377 945 437 intima,
982 395 1126 442 quam
1162 377 1321 426 habeo
1358 391 1446 423 no·

62 448 171 498 titia
205 445 416 495 omnium
454 443 708 493 Societatis
725 445 837 506 Jesu
858 444 1206 515 operariorum
1244 442 1330 512 qui
1359 444 1447 488 ho-

64 511 137 560 die
171 527 252 583 per
286 512 370 559 hos
419 521 604 559 tractus
646 511 757 557 Deo
795 510 851 561 &
888 508 1116 558 Ecclesiae
1159 506 1446 565 inserviunt,

61 573 201 624 facile
236 572 397 633 judico
433 589 531 622 non
570 574 784 638 indigere
826 574 932 621 iilos
955 575 1263 622 moderatore
1299 589 1326 619 a
1349 585 1449 632 quo

60 638 108 688 in
147 639 222 689 via
260 638 427 691 Divini
465 639 682 701 obsequii
723 639 1022 703 dirigantur:
1058 651 1223 700 tamen
1261 651 1319 685 ne
1355 635 1451 683 iilis

61 703 164 775 plus
202 704 414 752 merendi
450 720 535 766 per
569 703 905 752 obedientiam
944 705 1067 752 desit
1101 703 1342 752 occasio·
1334 738 1345 759 ,
1387 700 1447 752 &

63 783 177 832 qu1a
235 769 499 831 disciplinae
558 768 679 816 ordo
715 769 780 816 sic
815 769 1078 830 postulat3
1115 780 1451 838 opportunum

59 848 239 881 censeo
292 834 505 897 aliquem
540 832 649 895 ipsis
698 833 778 881 cui
829 806 1175 895 obtempeient
1227 845 1451 901 imponi:

60 914 210 960 quare
248 894 395 946 fretus
433 899 516 947 tua
554 897 820 954 modesta,
862 898 1121 969 prudentia
1172 899 1228 948 ὅτ
1263 893 1448 944 doctri-

59 963 149 1018 na
170 960 301 1010 factu
337 962 572 1021 optimum
608 960 816 1020 judicavi
854 974 905 1010 te
940 978 992 1009 ns
1030 965 1321 1012 Curatorem
1346 962 1451 1008 Du-

60 1042 266 1097 cemque
303 1027 580 1088 praeficere,
618 1042 751 1083 cujus
788 1025 1156 1087 imperio,cum
1196 1024 1450 1073 limitatio-

57 1091 195 1139 nibus
229 1106 343 1138 mox
379 1089 678 1144 indicandis,
699 1090 882 1138 subsint
918 1091 1239 1154 quicumque,
1262 1089 1339 1140 vel
1360 1092 1451 1137 So·

59 1155 268 1213 cii,ve1
307 1156 494 1202 externi
531 1154 759 1213 Mummi,
796 1156 917 1202 Goae
955 1168 1038 1203 aut
1076 1156 1215 1216 alibi,
1254 1158 1446 1205 Recto-

56 1219 115 1267 ris
127 1218 362 1292 ‘Collegii
399 1221 592 1267 Sanctae
631 1187 763 1267 Fidei
797 1220 1034 1282 respicere
1071 1235 1240 1268 nutum
1280 1221 1336 1274 δε
1370 1233 1449 1268 se-

57 1281 140 1347 qui
174 1284 498 1333 autoritatem
538 1285 773 1332 hactenus
795 1298 1122 1335 consuevere.
1146 1287 1199 1332 In
1219 1284 1304 1332 hos
1342 1297 1451 1331 eam

58 1354 362 1411 potestatem
398 1349 680 1408 exercebis,
717 1349 881 1432 quoad
917 1346 1016 1405 eius
1051 1348 1272 1417 legitima
1304 1362 1449 1397 revo-

61 1412 197 1462 catio
234 1414 323 1462 tibi
360 1413 634 1478 significata
669 1414 758 1464 rite
794 1411 970 1461 fuerit.

123 1494 166 1526 2.
206 1478 327 1528 Vide
360 1490 528 1526 tamen
565 1478 734 1551 quibus
771 1477 1144 1539 exceptionibus
1199 1491 1340 1534 eam,
1376 1473 1446 1533 iu·

52 1540 136 1589 stis
173 1541 229 1590 de
265 1544 446 1599 causis
485 1546 756 1592 restrictam
795 1543 941 1590 velim
979 1579 991 1590 .
1027 1543 1235 1591 Primum
1293 1545 1452 1589 Anto·-

54 1606 136 1654 nio
157 1607 401 1656 Gomezio
424 1606 570 1667 jubeo
594 1608 785 1670 plenum
809 1608 1181 1672 absolutumque
1197 1604 1450 1655 arbitrium

53 1669 154 1731 iure
192 1677 332 1734 quam
371 1674 561 1736 optimo
599 1685 887 1735 competere
922 1689 970 1720 in
1006 1686 1235 1721 externos
1291 1669 1447 1720 Semi-

54 1735 620 1798 nariiAlumnos,s1ve
677 1738 964 1796 Lusitanos,
1001 1737 1102 1786 sive
1155 1735 1447 1808 Indigenas·

54 1801 222 1849 Eidem
258 1802 459 1853 liberam
496 1803 716 1852 attribuo
762 1802 1237 1851 administrationem
1292 1798 1449 1850 vecti-

52 1865 231 1931 galium
269 1869 325 1920 &
359 1869 511 1916 totius
544 1867 763 1940 pecuniae
798 1867 1042 1933 Collegii,
1080 1879 1134 1916 ut
1181 1882 1291 1915 earn
1345 1865 1448 1913 exi-

43 1943 135 1995 gat
170 1934 197 1979 a
233 1932 564 2004 debentibus2
592 1934 646 1984 &
683 1933 729 1980 in
765 1947 872 1980 usus
907 1907 1102 1982 faomffiae
1150 1929 1446 1981 necessarios

55 1997 336 2057 expendat,
373 2011 519 2069 prout
555 1997 642 2070 ipsi
682 1998 926 2046 videbitur
961 2017 973 2047 ς
1011 1995 1128 2044 nihil
1175 1997 1325 2067 igitur
1374 1994 1448 2042 in·-

57 2062 278 2109 tercedas
316 2078 574 2135 quominus
611 2062 675 2112 sic
712 2075 856 2135 agat,
893 2073 981 2112 aut
1028 2060 1159 2110 facti
1207 2073 1450 2109 rationem

55 2124 252 2187 exigas·
292 2143 395 2191 quae
434 2127 552 2175 item
590 2129 650 2174 ad
698 2129 1011 2175 emisslonem
1068 2128 1147 2175 vel
1199 2123 1447 2173 admissio-

55 2203 166 2235 nem
204 2190 517 2239 Alumnorum
553 2192 820 2241 Lusitanici
846 2207 933 2240 aut
954 2190 1107 2239 Indici
1127 2191 1312 2261 generis
1336 2202 1444 2249 per-

55 2252 248 2313 tinent,
285 2270 463 2304 cuncta
500 2257 644 2317 ipsius
682 2255 954 2315 counitioni
991 2272 1049 2303 ac
1085 2253 1265 2312 judicio
1302 2251 1447 2300 relin-

56 2332 186 2379 que;
220 2318 334 2366 boni
369 2337 483 2368 con
492 2321 630 2369 ulens
667 2317 897 2385 quidquid
934 2319 1160 2368 statuerit
1196 2352 1207 2379 ‚
1245 2333 1335 2367 nec
1391 2316 1445 2364 in

55 2382 154 2429 ulla
185 2398 342 2431 rerum
377 2386 547 2434 talium
582 2386 904 2435 autoritatem
939 2387 1255 2448 interponens
1292 2394 1446 2495 tusam.

1365 2460 1384 2491 ι
