1803 3076
377 275 474 345 308
616 274 665 326 s.
701 274 1063 328 FRANCISCI
1098 278 1391 331 XAVERu

636 373 676 424 E
711 374 744 420 P
778 375 799 421 1
837 373 865 420 s
906 373 945 420 T
980 374 1028 422 o
1064 374 1099 421 L
1136 374 1180 420 A
1248 377 1296 422 x
1333 374 1372 422 1.

716 503 765 550 P.
801 500 1007 563 Gaspari
1057 502 1289 552 BarzaeO.

308 634 462 678 Goam'
512 634 710 695 Collegii
748 633 908 679 Rector
943 636 1265 682 constituitur.
1320 634 1608 699 Reftactariz'
1656 651 1698 687 et

370 703 551 761 superbi
587 716 608 744 e
647 702 870 744 Societate
902 699 1159 760 expellendi
1194 731 1206 762 ,
1243 705 1499 765 vectigalm
1539 705 1697 767 fideli·

373 775 444 811 ter
479 762 780 827 expendenda
801 797 813 809 .

550 894 610 942 In
647 891 865 941 Nomine
904 890 1109 943 Domini
1145 893 1297 944 nostri
1329 895 1447 957 Jesu

799 957 1006 1008 Christi.
1042 963 1200 1011 Amen
1221 994 1233 1006 .

310 1101 355 1137 1.
394 1088 558 1199 EGO
596 1088 873 1138 Franciscus
908 1087 1128 1155 indignus
1164 1089 1452 1152 Praepositus
1475 1091 1695 1145 Societa-

512 1153 571 1202 tis
607 1156 721 1218 Jesu
759 1171 843 1217 per
896 1155 979 1202 hos
1035 1155 1284 1204 Indiarurn
1338 1168 1517 1207 tractus
1552 1191 1563 1217 ,
1603 1158 1696 1210 fre-

308 1228 386 1266 tus
423 1217 538 1277 ῑυὲι,
579 1223 815 1287 Magister
848 1221 1036 1282 Gaspar
1069 1253 1080 1280 ‚
1119 1220 1398 1270 humilitate
1423 1253 1447 1280 .,
1485 1223 1700 1287 virtute,

304 1285 595 1346 pruaientissh
634 1285 916 1348 caeterisque
953 1285 1148 1334 dotibus
1188 1302 1292 1349 quae
1349 1299 1398 1335 te
1435 1287 1551 1336 satis
1587 1289 1696 1338 ido·
1752 1303 1760 1310 ·

305 1362 450 1395 neum
488 1351 705 1415 regendis
742 1350 846 1398 aliis
883 1349 1127 1411 efficiant,
1167 1351 1344 1398 mando
1382 1350 1470 1400 tibi
1506 1351 1555 1400 in
1601 1354 1696 1404 vir-

304 1423 414 1461 tute
453 1414 643 1464 Sanctae
681 1416 991 1465 Obedientiae
1040 1429 1092 1464 ut
1142 1416 1481 1465 Praefecturam
1530 1434 1696 1482 capes-

305 1492 380 1524 sas
417 1477 552 1537 hujus
589 1480 801 1546 Collegii
837 1480 1000 1529 Goani
1053 1483 1246 1530 Sanctae
1300 1482 1427 1530 Fidei
1462 1514 1472 1541 ,
1512 1484 1702 1534 Recto-

305 1542 466 1604 risque
504 1547 698 1594 nomine
734 1563 789 1595 ar:
825 1559 1075 1608 potestate
1094 1546 1163 1593 illi
1188 1547 1346 1610 praesis
1371 1547 1556 1608 ,Jubeo
1576 1566 1702 1611 prae-

304 1617 443 1655 terea
481 1611 671 1659 subesse
708 1611 965 1661 autoritati
1003 1625 1097 1660 tuae
1131 1628 1289 1673 patres
1319 1628 1488 1661 omnes
1525 1629 1581 1660 ac
1603 1613 1697 1662 fra-

305 1684 406 1719 tres
447 1675 698 1724 Lusitanos
750 1677 1010 1725 Societatis
1060 1678 1176 1739 Jesu
1225 1676 1518 1741 quicumque
1572 1693 1698 1730 citra

303 1737 701 1788 Promontorium
739 1742 880 1789 bonae
914 1741 1015 1803 spei
1051 1743 1164 1802 huc,
1187 1744 1242 1794 &
1271 1741 1380 1789 hinc
1417 1757 1564 1806 usque
1587 1746 1700 1792 Ma-

305 1800 497 1862 lacam,
542 1807 853 1864 Moluccum‚
889 1807 1135 1866 Japonem
1167 1840 1178 1867 ,
1210 1807 1484 1871 ubicunque
1521 1810 1694 1859 hatum

303 1869 560 1932 regionum
598 1872 806 1934 degunt.
842 1874 936 1919 Eos
972 1886 1165 1934 quoque
1204 1872 1281 1935 qui
1320 1873 1522 1934 posthac
1558 1876 1696 1923 eLu-

311 1931 512 1992 sitan&
539 1934 616 1983 vel
643 1937 736 1983 alia
774 1937 938 2000 quavis
976 1938 1178 1999 Europae
1217 1950 1352 1999 parte
1387 1937 1437 1985 in
1472 1939 1555 1986 has
1578 1942 1714 1988 Pro-¹

306 1996 492 2044 vincias
528 2000 584 2051 ὃς
623 2001 813 2049 Domos
853 2000 1113 2049 Societatis
1151 2002 1439 2051 advenerint
1476 2019 1586 2052 meo
1619 2019 1696 2052 re-

303 2063 473 2126 gimini
523 2068 845 2126 commissos,
883 2066 1131 2114 universos
1180 2080 1274 2116 tuae
1322 2070 1556 2129 potestati
1592 2069 1701 2116 sub-

303 2127 465 2188 jectos
515 2128 666 2190 vo103
713 2132 798 2179 nisi
851 2135 883 2179 si
921 2148 1063 2195 quem
1101 2133 1390 2186 nominatim
1426 2135 1697 2182 Rectorem

308 2192 448 2250 hujus
485 2193 880 2259 CollegiiGoani
917 2206 1185 2247 destinaret
1210 2202 1526 2252 paternoster
1549 2201 1694 2263 Igna-

305 2259 433 2317 tius‚
471 2275 613 2322 quem
651 2262 744 2319 iam
782 2280 865 2325 per
899 2263 1063 2318 literas
1099 2263 1300 2328 rogavi,
1334 2263 1562 2324 expositis
1582 2280 1692 2325 pro-

301 2322 401 2372 lixe
435 2328 735 2387 rationibus,
772 2344 854 2376 cur
889 2327 934 2383 id
972 2343 1167 2376 necesse
1208 2329 1457 2388 videatur,
1493 2339 1550 2376 ut
1582 2328 1698 2376 mit·

303 2399 381 2438 tat
416 2390 509 2439 huc
547 2393 702 2444 virum
736 2392 950 2459 aliquem
983 2394 1034 2443 in
1053 2392 1216 2458 primis
1247 2394 1610 2459 experientem,
1638 2393 1695 2448 δε
1773 2409 1776 2412 ⁴

1557 2456 1634 2505 cui
