1803 3076
377 285 474 351 146
637 284 687 333 S.
720 284 1084 335 FRANCISCI
1118 280 1416 331 XAVERII

296 375 458 428 multis
492 379 822 440 superstitiose
858 377 1027 439 factiS‚
1063 380 1345 443 eductisque
1383 377 1548 424 denuc>
1581 391 1679 426 sor-

297 444 453 503 tibus,
489 444 717 491 sciscitari
754 460 814 491 ex
851 447 1099 504 daemone,
1118 457 1275 493 utrum
1315 456 1473 491 ventis
1511 456 1681 489 secun-

300 507 369 554 dis
406 508 533 555 usuri
583 524 823 556 essemuS.
859 511 996 559 Forte
1032 526 1128 557 sors
1165 510 1315 567 exiit,
1337 524 1441 572 quae
1483 519 1679 554 ventum

301 572 442 620 nobis
480 573 792 634 polliceretur
826 575 1217 622 secundissimum
1254 581 1455 652 (neque
1486 570 1550 616 ibi
1575 572 1681 619 diu·

303 648 397 685 tius
427 639 730 685 haerendum
744 644 767 701 )
805 640 974 701 Itaque
1012 639 1142 686 nullia.
1178 637 1463 700 interposita
1518 638 1680 696 mora,

305 702 504 750 sublatis
541 703 762 749 anchoris
798 703 1142 765 gratulabundi
1177 702 1285 751 vela
1338 701 1571 750 fecimus,
1609 701 1685 749 llli

309 767 448 815 idolo
483 782 570 813 suo
607 765 748 824 freti,
787 768 917 828 quod
954 783 1002 814 ιιι
1038 766 1183 829 puppi
1219 766 1368 814 cereis
1421 767 1476 817 ὃ(
1522 765 1685 813 odori-

304 832 391 879 bus
421 846 480 877 ex
518 830 760 894 Aquilano
796 833 929 896 ligno
963 847 1172 880 incensis
1187 833 1367 879 summe
1397 820 1692 878 veneraban-

307 909 418 955 tur,
437 910 523 942 nos
566 900 677 943 Deo
715 896 857 956 coeli,
880 910 1115 944 terrarum
1152 912 1391 960 marisque
1412 897 1692 943 moderato-

307 961 371 1020 ri,
392 975 450 1008 ac
482 961 599 1022 Jesu
629 961 827 1009 Christo
847 961 944 1020 ejus
985 963 1102 1010 Filio
1124 963 1291 1009 confisi
1315 958 1474 1020 ,cujus
1496 961 1691 1026 religio·

310 1027 384 1074 nis
441 1027 769 1091 propagandae
807 1028 949 1076 cauca
982 1028 1245 1089 Japoniam
1283 1027 1597 1088 petebamus.

377 1109 426 1155 4.
461 1091 519 1139 In
556 1107 693 1138 cursu
730 1092 839 1139 curn
877 1108 943 1140 es
953 1108 1118 1152 emuS,
1157 1094 1311 1142 visum
1347 1103 1421 1139 est
1472 1090 1564 1138 illis
1600 1106 1700 1137 rur-

311 1171 387 1205 sus
426 1155 582 1204 ductis
632 1157 841 1204 sortibus
890 1159 1141 1220 exquirere
1193 1174 1252 1206 ex
1299 1158 1548 1215 daemone,
1587 1170 1701 1203 num

295 1221 375 1269 >ea
412 1222 549 1268 navis
581 1237 640 1268 ex
659 1221 872 1283 Japonia
892 1224 1135 1271 Malacam
1173 1222 1426 1270 incolumis
1464 1232 1589 1268 esset
1623 1236 1698 1267 re-

314 1286 501 1334 ditura:
539 1286 672 1333 edita
710 1302 806 1335 sors
842 1300 939 1346 est,
977 1288 1023 1334 in
1057 1288 1320 1351 japoniam
1356 1286 1551 1350 quidem
1588 1300 1695 1332 eam

317 1364 712 1415 perventuram,
772 1353 851 1399 sed
904 1369 1208 1423 nequaquam
1254 1366 1554 1400 reversuram
1604 1364 1705 1397 esse

319 1414 570 1465 Malacam
638 1418 757 1464 Tum
800 1419 915 1465 verb
950 1418 1017 1464 illi
1071 1420 1283 1466 haerere:
1335 1417 1527 1464 demum
1565 1415 1711 1462 omis-

314 1497 372 1530 so
421 1482 469 1527 in
509 1484 761 1597 praesentia
797 1498 934 1530 cursu
972 1484 1249 1545 Japonico,
1305 1482 1430 1544 apud
1470 1482 1605 1527 Sinas
1637 1479 1706 1526 hi·

318 1547 567 1595 bernare
607 1547 1004 1610 &Japonicam
1054 1547 1413 1610 profectionem
1451 1544 1498 1592 in
1547 1542 1711 1608 proxi-

322 1626 454 1660 mum
491 1627 668 1659 annum
707 1614 748 1659 d
757 1614 815 1663 ffe
824 1628 897 1660 rre
934 1626 1193 1662 Sthttuunt
1231 1612 1365 1678 Q1d
1419 1610 1556 1658 nobis
1610 1621 1714 1657 tum

323 1677 474 1725 animi
510 1691 568 1724 ac
607 1688 764 1726 sensus
801 1679 848 1724 in
885 1693 940 1724 ea
980 1678 1295 1742 navigatione
1330 1687 1534 1724 censetis
1555 1672 1712 1732 fuisse,

325 1744 435 1790 curn
471 1742 530 1789 de
564 1742 801 1803 Japonica
841 1715 1152 1800 profectione
1174 1742 1506 1791 consuleretur
1527 1739 1716 1787 daemon

326 1810 356 1855 ὲ
391 1806 516 1866 suis,
538 1807 592 1857 δε
629 1807 764 1855 navis
799 1807 1111 1855 Gubernator
1147 1810 1205 1855 ad
1240 1806 1337 1865 ejus
1375 1819 1544 1854 nutum
1571 1817 1720 1863 atque

326 1872 576 1920 arbitrium
612 1887 712 1918 rem
731 1884 887 1920 totam
911 1873 1308 1921 administraret?
1333 1874 1458 1936 Ergo
1479 1886 1587 1917 cum
1616 1868 1720 1915 len-

325 1938 378 1984 te
417 1937 823 1998 proveheremur,
846 1937 906 1984 ad
943 1939 1264 1986 Cocincinam
1287 1937 1506 1984 Sinarum
1528 1946 1721 1995 portum

330 2001 563 2113 duoduno
599 2000 675 2051 die
709 2001 1049 2069 (pervigilio)
1086 2008 1194 2053 sane
1228 2016 1396 2069 graves
1430 1998 1566 2047 nobis
1586 2011 1724 2046 casus

254 2076 260 2080 '
336 2081 433 2114 mci
472 2078 646 2114 erunt.

403 2148 445 2198 5.
483 2133 613 2179 Nam
651 2130 778 2179 die
753 2153 798 2178 ο.
838 2130 1006 2180 Mariae
1046 2132 1354 2197 Magdalenze
1383 2144 1520 2176 sacro
1542 2129 1625 2193 (ὕ)
1646 2125 1729 2173 sub

336 2213 621 2259 vesperam
659 2195 1018 2246 intumescente
1055 2199 1305 2254 fluctibu3‚
1332 2208 1586 2266 vuenti-sque
1623 2190 1726 2256 agi-

337 2275 447 2312 tato
487 2261 821 2310 vehementius
856 2262 1001 2321 mari,
1040 2279 1147 2311 cum
1186 2262 1318 2311 navis
1356 2259 1492 2318 jactis
1543 2260 1727 2305 ancho-

339 2328 401 2375 ris
440 2326 655 2374 fluitaret
691 2327 736 2373 in
773 2325 901 2383 salo,
941 2327 1226 2378 Emmanuel
1263 2327 1400 2384 Sina,
1438 2338 1554 2372 unus
1590 2341 1616 2370 e
1646 2336 1732 2367 no-

340 2391 446 2442 stris
483 2390 772 2449 comitibus,
810 2391 943 2440 navis
964 2391 1234 2450 jactatione
1254 2391 1503 2455 prolapsus
1523 2390 1571 2435 in
1593 2401 1730 2447 aper-

453 2469 511 2521 (*>
543 2471 644 2513 Cut.
667 2470 895 2524 pervigilio·
1568 2463 1672 2500 tam
