1803 3076
393 331 427 381 8
621 333 672 382 S.
705 330 1070 385 FRANCISCI
1114 335 1408 387 XAVERH

325 426 579 479 lestissime
615 428 858 491 ferant,si
881 433 1080 497 quando
1117 429 1376 480 inferamus
1413 428 1471 479 de
1507 427 1590 476 illa
1611 443 1708 477 ser-

327 510 524 544 monem
549 514 564 545 :
599 497 758 561 rogari
795 492 955 547 aute'm
993 511 1047 546 ut
1081 497 1341 545 Christiani
1384 496 1536 554 fiant,
1577 499 1709 542 ‘mor-

332 559 392 609 tis
430 560 579 609 instar
614 575 789 624 putant
819 595 831 609 .
869 565 1044 626 Itaque
1078 564 1126 609 in
1178 562 1461 610 Christianis
1513 559 1704 608 tuendis

330 641 482 690 opera
515 626 563 673 in
599 627 850 687 praesentia
886 627 1110 690 ponitur.
1147 630 1209 675 Et
1243 629 1357 675 sane
1393 628 1426 672 si
1478 624 1710 690 insignio-

326 705 383 738 ‘ra
417 703 579 739 essent
598 694 932 740 Lusitanorum
971 694 1017 738 in
1056 692 1352 754 Neophytos
1390 690 1579 750 studia,
1603 689 1709 752 plu-

330 755 441 803 rimi
476 756 534 804 ad
571 756 814 806 Christum
851 773 898 805 se
934 770 1257 821 aggregarent
1288 788 1299 814 ,
1337 756 1417 804 sed
1452 758 1560 803 cum
1601 771 1710 803 eos-

329 821 440 869 dem
475 822 726 871 contemni
763 822 1044 884 despicique
1094 821 1290 868 Ethnici
1341 819 1580 879 videant,
1620 835 1710 867 no-

327 883 438 934 lunt
474 885 706 935 videlicet
740 887 841 934 fieri
880 885 1173 934 Christiani.
1209 889 1376 952 Qare
1413 888 1521 932 cuin
1556 885 1603 931 in
1641 884 1709 933 his

330 949 455 998 Iocis
491 966 599 998 mea
637 967 785 1013 opera
822 951 1014 999 minime
1050 949 1111 998 sit
1146 953 1418 1000 necessaria
1454 983 1465 1008 ,
1500 952 1708 1014 cumque

330 1030 392 1062 ex
446 1015 632 1063 idoneis
680 1017 957 1064 auctoribus
1004 1015 1299 1078 cognorim,
1336 1016 1581 1078 Japonum
1633 1030 1709 1063 re-

331 1080 528 1145 gionem
567 1096 669 1129 esse
706 1081 829 1128 Sinis
851 1081 1198 1140 adjacentem,
1236 1079 1367 1138 cuius
1390 1080 1565 1130 incolae
1602 1096 1706 1127 om-

329 1160 413 1192 nes
451 1145 645 1194 Ethnici
681 1145 776 1193 sint
807 1179 818 1205 ‚
851 1149 878 1194 a
915 1145 1164 1195 Saracenis
1203 1146 1479 1209 Judaeisque
1517 1160 1708 1207 prorsus

328 1209 536 1266 intacti,
574 1215 906 1273 novarumque
942 1227 1097 1260 rerum
1132 1222 1234 1259 tum
1271 1210 1572 1271 divinarum,
1605 1222 1709 1258 tum

326 1274 619 1324 naturalium
655 1275 940 1337 avidissimi,
979 1281 1041 1325 eo
1077 1278 1219 1340 quarn
1255 1275 1464 1338 primum
1502 1287 1712 1325 conten-

330 1340 444 1388 dere
479 1341 626 1387 statui
650 1375 662 1387 .

298 1456 306 1467 ,
399 1405 443 1452 8.
481 1407 595 1452 Hoc
635 1419 729 1468 ego
766 1405 861 1455 iter
879 1404 1090 1467 suscipio
1113 1404 1451 1471 magnaanimi
1475 1406 1571 1454 mei
1622 1423 1713 1455 vo·

326 1468 550 1531 lunate,
587 1471 771 1527 majore
806 1488 916 1534 spe,
953 1470 1086 1535 quod
1121 1470 1262 1533 plane
1300 1471 1543 1519 confidam
1582 1470 1709 1518 inil-

325 1533 373 1581 la
411 1535 619 1584 natione
657 1537 807 1583 nostri
846 1536 1018 1584 laboris
1056 1535 1236 1585 fructus
1273 1535 1452 1584 solidos
1489 1553 1548 1585 ac
1603 1552 1710 1598 per-

328 1611 504 1661 petuos
542 1597 678 1649 fore.
715 1603 769 1648 In
805 1604 984 1651 Goano
1025 1600 1284 1667 Collegio‚
1322 1601 1399 1648 cui
1433 1604 1460 1649 a
1499 1605 1544 1651 S.
1600 1601 1711 1651 Fide

329 1680 510 1712 nomen
546 1677 656 1723 est,
697 1679 790 1713 tres
841 1666 1024 1715 alumni
1075 1680 1186 1715 sunt
1237 1668 1492 1729 Japones‚
1532 1667 1610 1731 qui
1648 1672 1712 1715 eo

326 1745 517 1777 mecum
558 1730 754 1780 Malaca
789 1734 1034 1794 superiore
1081 1748 1211 1780 anno
1263 1745 1506 1781 venerunt
1541 1752 1556 1781 .·
1592 1732 1712 1780 mira

330 1795 391 1842 de
426 1795 639 1857 Japonia
677 1810 907 1846 narrant.
945 1796 1299 1846 Adolescentes
1351 1811 1462 1846 sunt
1514 1798 1710 1859 optimis

327 1859 577 1918 moribus,
614 1862 852 1909 acerrimo
889 1863 1119 1928 ingemo,
1158 1862 1329 1911 Paulus
1364 1862 1607 1926 inprimiS,
1630 1864 1711 1926 qui

325 1925 451 1972 bene
487 1925 685 1991 longam
722 1927 781 1973 ad
835 1940 886 1976 te
937 1928 1196 1992 epistolam
1251 1928 1406 1977 mittit
1441 1965 1453 1976 .
1490 1930 1534 1976 Is
1589 1941 1709 1976 octo

324 1989 561 2038 mensium
599 1991 759 2053 spatio
796 1991 991 2057 legere,
1028 1993 1261 2052 scr³bere‚
1299 1992 1431 2056 loqui
1469 1992 1711 2041 Lusitani-

327 2057 383 2104 ce
419 2056 711 2116 perdidicit:
751 2072 879 2105 nunc
916 2058 1103 2107 usitatis
1140 2058 1539 2107 meditationibus
1575 2058 1708 2106 haud

324 2124 436 2167 sane
471 2121 711 2170 inutiliter
763 2138 1016 2172 exercetur
1051 2161 1063 2172 .
1100 2123 1371 2184 Religionis
1427 2123 1711 2172 Christianae

326 2186 567 2245 mysteriis
600 2200 674 2236 est
712 2188 918 2237 im'outus
955 2188 1096 2237 satis.
1121 2192 1348 2254 Magnam
1387 2189 1432 2236 in
1469 2205 1602 2250 spem
1627 2204 1710 2236 ve-

324 2251 437 2309 niO‚
478 2254 594 2300 Deo
631 2251 889 2313 adiutore,
928 2255 1232 2302 Christianos
1282 2255 1326 2301 in
1361 2252 1570 2316 Jaoonia
1608 2251 1710 2300 fac-

321 2328 421 2363 turn
460 2316 513 2364 iri
552 2317 955 2380 quamplurimos.
994 2321 1229 2382 Equidem
1283 2319 1490 2382 primum
1545 2321 1709 2367 eorum

324 2383 549 2446 Regem,
589 2384 765 2431 deinde
815 2386 1081 2446 Gymnasia
1137 2385 1189 2436 δε
1242 2386 1531 2434 Academias
1577 2383 1708 2432 adire

320 2446 896 2516 constitui,magno(ut
932 2466 1070 2513 spero
1100 2452 1255 2515 >cum
1303 2460 1484 2515 quaestu
1522 2448 1705 2497 animo·

1532 2529 1654 2563 rum.
