1803 3076
175 289 696 345 EPISTOLARUM.
715 292 820 341 Lib
839 290 919 342 W.
939 292 1210 358 Ep.XX11.
1296 311 1387 364 371

58 393 154 455 do,
197 395 233 442 si
274 406 439 441 tamen
476 387 1084 462 taminsigniterprofuit,
1110 386 1287 438 inferes
1307 408 1458 456 quan-

57 466 116 510 to
153 459 254 521 plus
290 457 579 519 sperandum
618 471 689 502 ins
698 471 817 520 ignis
854 455 975 503 lucri
1022 467 1085 504 Sit
1121 471 1179 502 ex
1235 457 1460 528 plenariis

58 525 374 588 indulgentiis
411 537 496 584 per
534 535 692 583 spatia
713 495 939 584 plurium
977 534 1218 568 annorum
1255 523 1303 568 in
1355 539 1458 571 cer-

59 603 137 638 tas
175 588 406 635 festorum
447 586 802 634 recurrentium
841 588 1180 634 solemnitates
1217 589 1330 649 apte
1377 590 1460 635 de·

58 652 270 716 scriptis.
295 657 563 712 hxpromas
600 652 645 698 in
685 653 771 702 hac
810 653 958 700 causa
993 667 1171 699 censeo
1193 664 1327 700 tuam
1357 667 1465 700 om-

58 734 169 767 nem
209 717 525 780 persuadendi
566 717 696 777 vim,
751 718 966 781 nihilque
1017 718 1188 780 reliqui
1242 717 1330 766 tibi
1386 717 1462 765 fa-

57 784 157 833 cias
193 785 254 830 ai
274 799 392 829 sum
398 799 426 829 n
446 799 514 828 ιιι
537 796 772 831 conatum
797 782 1084 842 evincendi,
1107 796 1230 831 utin
1279 798 1342 831 eo
1370 799 1456 847 pa-

61 862 137 898 ter
176 849 391 919 Ignatius
431 849 742 909 impetrando
780 861 1017 919 quantum
1053 859 1219 911 potest
1269 847 1466 899 eniten-

65 915 177 984 dum
218 927 499 960 existimet:
542 913 724 960 addens
760 927 909 960 etiam
965 929 1041 961 me
1097 914 1190 962 hoc
1246 913 1306 960 ab
1359 913 1465 976 ipso

66 977 299 1034 maiorem
336 977 383 1024 in
422 980 616 1024 niodum
655 982 986 1037 contendeiffe
1026 979 1073 1026 in
1111 976 1333 1026 beneficii
1370 980 1467 1025 sin-

63 1044 243 1110 gularis
281 1057 387 1104 part
395 1059 418 1090 e
458 1056 853 1103 numeraturum
893 1045 928 1089 si
967 1045 1083 1092 meis
1119 1044 1323 1091 inflexus
1363 1059 1468 1106 pre—

68 1110 234 1167 cibus,
255 1109 383 1154 hisce
420 1106 612 1168 populis
651 1119 843 1155 tantam
878 1108 1154 1157 coelestium
1192 1108 1465 1157 utilitatum

66 1189 210 1223 occas
219 1188 377 1219 onem
416 1188 459 1236 g·
453 1183 537 1218 :ati
549 1171 682 1218 ficai'i
722 1188 822 1219 non
859 1174 1235 1238 dedignabitur.
1275 1174 1466 1222 Scribas

62 1239 160 1287 etia
171 1254 211 1286 ιι
251 1240 308 1284 ad
349 1237 518 1300 magis-t
526 1252 626 1283 rum
650 1237 930 1296 Simonem,
955 1252 1040 1285 aut
1063 1241 1328 1288 Rectorem
1363 1238 1468 1287 col-

63 1302 175 1367 legii
216 1302 868 1376 Conimbricensis201ai15‚
907 1317 960 1351 ut
999 1303 1170 1352 eadem
1211 1306 1301 1352 hac
1336 1305 1390 1353 de
1416 1320 1466 1354 re

63 1384 173 1416 cuin
214 1371 349 1437 Rege
388 1383 539 1432 agant
575 1386 594 1426 ‚·
633 1369 960 1431 expositoque
1015 1369 1176 1416 fructu
1228 1369 1468 1417 immenso

62 1435 143 1498 qui
184 1449 241 1480 ex
294 1434 530 1489 eiiisuioli
601 1433 999 1505 promulgatione
1052 1433 1470 1504 indulgentiarum

66 1498 372 1563 colligendus
411 1501 553 1546 certo
589 1509 694 1558 est,
720 1511 986 1560 impetrent
1024 1499 1085 1545 ab
1123 1514 1221 1556 elus
1242 1513 1470 1556 malesta-

69 1577 150 1624 te,
174 1576 227 1611 ut
264 1564 356 1610 suis
398 1565 605 1612 Romam
640 1563 792 1612 literis
832 1563 1088 1634 negotium
1124 1563 1468 1624 adjuvet‚aut

63 1629 229 1692 potiu5
267 1644 352 1690 pro
390 1628 473 1676 ⁴<ua
509 1629 693 1676 sumna
729 1628 830 1677 illic
869 1643 1174 1690 autoritate,
1212 1642 1360 1694 atque
1415 1646 1465 1676 a-

67 1695 167 1757 pud
204 1693 494 1742 Pontificem
532 1694 655 1758 grati
664 1712 720 1766 a’.
757 1695 1038 1755 conficiat3
1085 1711 1256 1743 curans
1311 1696 1467 1757 diplo-

67 1771 201 1806 mata
238 1756 336 1830 ejus
373 1774 560 1823 generis
599 1759 726 1821 patri
765 1761 961 1824 lgnatio
998 1761 1304 1825 consignari,
1329 1777 1466 1825 quip-

64 1840 125 1886 pe
162 1823 396 1882 inscripta
434 1824 697 1871 societatis
730 1825 846 1886 Jesu
885 1825 1099 1890 collegio
1149 1828 1331 1876 Goano
1363 1860 1375 1885 ,
1413 1837 1468 1877 ut

62 1901 147 1951 pat
157 1906 257 1935 tum
315 1888 414 1936 illic
466 1891 752 1953 degentium
800 1866 1046 1939 arbitratu
1097 1890 1410 1953 publicentur
1450 1925 1464 1939 .

68 1956 129 2003 H·
140 1970 196 2001 nc
235 1954 361 2000 enim
402 1953 514 2002 fiet
535 1968 588 2001 ut
626 1955 795 2017 populi
825 1955 1098 2017 procuratis
1135 1957 1190 2008 ὃ(
1223 1956 1335 2003 mini
1345 1968 1467 2003 stra-

70 2018 132 2065 tis
151 2034 252 2090 *per
290 2033 374 2066 eos
411 2019 599 2066 deliniti
637 2020 834 2084 gratiis,
857 2022 1018 2069 studio
1056 2037 1183 2083 ipsos
1221 2023 1276 2072 &
1314 2035 1465 2068 vene-

68 2083 261 2130 ratione
299 2081 469 2137 maiori
508 2085 913 2145 amplectantur,·
952 2103 1047 2149 qua
1083 2086 1234 2159 yulgo
1289 2100 1467 2146 accep-

71 2147 222 2194 tio-ies
258 2148 449 2196 labores
486 2147 731 2209 ipsorum,
770 2165 827 2197 ac
863 2150 927 2198 sic
963 2167 1099 2199 omni
1148 2150 1325 2213 passim
1378 2150 1468 2197 ho-

67 2211 247 2260 minum
285 2214 447 2278 generi
485 2226 554 2260 ut·
564 2213 706 2261 liores
745 2216 991 2263 evadant.

145 2294 214 2325 12.
252 2280 510 2326 Poscentes
549 2278 880 2339 Societatem,
918 2298 968 2328 ιι
953 2292 1181 2344 teiinique
1218 2293 1316 2328 non
1366 2277 1469 2326 ine·-

73 2355 212 2405 ptos,
252 2358 372 2390 cave
410 2343 671 2391 admittere
709 2342 905 2392 ῗεςτιιιες
942 2345 988 2391 in
1026 2358 1173 2396 aetate
1208 2346 1364 2392 adhuc
1396 2343 1470 2390 ni-

70 2409 157 2456 mis
195 2407 393 2456 tenera.
429 2409 622 2456 Prorsus
661 2417 779 2456 vero
813 2409 960 2467 rejice
999 2425 1121 2473 quos
1159 2410 1219 2457 ad
1255 2425 1312 2459 ea
1364 2424 1471 2470 per-

674 2477 718 2523 A
753 2489 780 2521 a
817 2491 845 2527 2
1345 2474 1406 2523 ti-
