1803 3076
249 284 749 346 EPI'STOLARUM.
785 285 888 333 Lib.
923 288 1020 335 m.
1055 287 1138 349 Ep.
1179 290 1242 335 x.
1322 287 1379 351 ες

87 392 115 439 ὲ
150 388 340 438 summis
378 386 437 433 ad
475 383 727 442 minimos,
765 382 952 448 ingenti
1001 382 1057 433 &
1104 381 1465 431 benevolentis-

85 456 203 504 sima
236 450 595 517 significatione
617 449 826 496 laetitiae.
850 448 1007 496 Primis
1046 448 1156 509 ipsis
1189 449 1464 511 congressi-

81 521 166 568 bus
204 515 441 567 Praefecto
493 513 831 562 commendavi
884 514 1188 576 Japoniense
1243 526 1468 560 nostrum

81 586 203 633 iter.
239 582 436 631 Obtulit
471 580 531 626 ad
569 580 614 626 'rd
653 579 837 637 prolixe
875 591 1110 642 quantum
1147 577 1192 624 in
1227 593 1276 625 se
1315 575 1467 636 foret3

80 663 288 710 moxque
326 645 555 710 promissa
591 646 638 691 in
678 659 774 690 rem
813 644 1025 692 contulit
1060 658 1157 691 non
1188 644 1362 706 exigua
1400 643 1470 690 di·

80 714 314 778 ligent1a.
354 714 465 759 Hoc
500 709 579 757 ille
616 722 716 757 tam
754 708 999 757 benevolo
1036 709 1198 756 studio
1258 711 1313 760 &
1351 723 1467 766 nos,

81 780 135 831 &
176 780 476 826 societatem
513 773 784 822 universam
821 774 906 821 sibi
963 774 1158 823 mirifice
1213 772 1470 822 devinxit.

82 846 264 892 Tantus
303 842 428 890 enim
467 841 524 888 ea
560 839 667 888 tota
706 841 960 888 curatione
997 837 1097 895 eius
1133 839 1384 886 eminebat
1419 840 1468 885 in

84 925 172 957 nos
209 924 378 965 amor,
417 920 469 954 ut
506 921 592 951 suo
630 918 854 966 sumptu,
881 905 1044 953 nostra
1082 905 1272 966 propria
1309 905 1467 962 causa,

84 975 364 1023 Lusitanam
403 970 562 1018 navim
600 985 790 1016 armare
826 969 1118 1033 mittereque
1157 970 1203 1016 in
1221 970 1467 1031 Japonem

87 1038 341 1087 voluerit:
382 1033 758 1096 fecissetque‚si
779 1035 975 1096 reperiri
1012 1034 1258 1098 navigium
1298 1035 1468 1082 adhoc

85 1116 253 1166 aptum
291 1100 561 1163 potuisset.
598 1099 825 1148 Exclusus
866 1098 957 1147 isto
995 1098 1470 1161 consilimapplicu·

81 1169 122 1217 it
158 1168 366 1214 animum
405 1166 466 1212 ad
502 1180 676 1211 navem
717 1162 924 1210 Sine-nsi<
963 1161 1323 1227 formae,quam
1351 1166 1469 1230 Jun-

83 1250 179 1281 cum
219 1241 429 1280 vocant.
469 1226 619 1284 Cujus
657 1230 922 1275 navarchus
973 1228 1086 1275 Sina
1127 1261 1138 1287 ,
1177 1233 1323 1277 Latro
1380 1244 1468 1276 no-

85 1297 247 1354 mine,
285 1296 403 1344 licet
438 1293 740 1353 Idololatra,
774 1291 1006 1340 familiam
1034 1307 1221 1341 -tamen
1261 1292 1472 1341 Malacae

81 1363 261 1412 babet.
284 1363 356 1409 Ab
395 1361 488 1407 hoc
525 1359 791 1416 pollicente
829 1373 878 1406 se
917 1373 1002 1405 nos
1037 1360 1175 1408 recta
1213 1360 1471 1418 perductu-

85 1443 188 1476 rum
226 1425 273 1472 in
308 1424 601 1489 Japoniam,
655 1421 911 1472 Praefectus
965 1425 1089 1472 haud
1136 1427 1321 1473 temere
1368 1437 1472 1470 cre-

80 1491 285 1540 dendum
316 1502 455 1553 ratus
492 1489 675 1538 homini
711 1490 910 1537 ethnico
941 1507 953 1549 ;
985 1490 1308 1554 syngrapham
1358 1503 1472 1536 exe-

81 1558 183 1622 git,
222 1556 317 1620 qua
353 1554 522 1604 volens
559 1555 866 1603 declarabat:
906 1570 955 1602 se
990 1555 1038 1603 in
1074 1555 1205 1603 istius
1243 1552 1464 1617 promissi

82 1623 225 1672 fidem
263 1637 514 1682 opponere
551 1620 741 1685 pignori
780 1629 983 1668 uxorem
1020 1637 1130 1668 cum
1168 1635 1216 1667 re
1257 1618 1467 1667 familia-

83 1689 121 1736 ri
159 1684 402 1745 universa,
447 1687 503 1734 eii
540 1685 853 1744 conditione,
891 1698 946 1734 ut
981 1685 1068 1734 nisi
1120 1685 1292 1734 nostris
1344 1682 1474 1746 ipso-

83 1767 187 1802 rum
224 1750 396 1799 litteris
433 1754 459 1801 ὲ
494 1751 708 1814 Japonia
744 1749 908 1799 relatis
959 1750 1300 1808 constitisset,
1337 1751 1473 1798 recte

83 1832 171 1866 nos
207 1815 318 1864 illuc
356 1815 497 1864 fuisse
547 1818 808 1879 perductos
869 1813 1005 1872 iuxta
1058 1830 1204 1879 pacta
1238 1848 1250 1874 ,
1288 1811 1472 1872 coniux

80 1897 224 1945 quam
259 1880 567 1944 relinquebat:
591 1881 796 1930 Malacae
822 1881 904 1939 ‚&
922 1881 1154 1945 quidquid
1176 1882 1222 1928 in
1244 1878 1473 1929 Lusitana

81 1947 269 1996 ditione
306 1947 620 2008 possidebat,
660 1947 794 1995 Fisco
832 1948 1470 2009 manciparetur.Praeterea

78 2028 166 2062 nos
203 2012 329 2060 idem
367 2010 627 2060 Praefectus
664 2010 852 2059 cunctis
890 2013 1027 2060 rebus
1081 2017 1140 2060 ad
1192 2010 1470 2075 navigatio-

78 2093 189 2126 nem
228 2081 368 2125 istam
424 2093 572 2141 usque
607 2079 882 2140 Japonem,
921 2079 978 2130 ὃς
1014 2077 1076 2124 ad
1112 2079 1174 2125 ibi
1213 2072 1462 2124 domicili-

83 2158 162 2190 um
198 2142 468 2205 figendum‚
509 2141 815 2200 necessariis,
854 2142 1377 2201 providentissime-ac
1412 2136 1469 2185 li-

82 2206 372 2256 beralissime
421 2207 682 2256 instruxit.
720 2208 964 2268 impendit
1016 2207 1283 2271 quinetiam
1333 2218 1470 2251 num·

80 2286 185 2336 mos
220 2287 390 2320 aureos
429 2273 662 2332 ducentos
703 2271 748 2319 in
789 2288 989 2321 munera
1037 2272 1286 2322 offerenda
1341 2266 1468 2334 Regi

77 2336 329 2399 Japoniae‚
367 2341 463 2400 quo
505 2354 614 2385 eum
653 2337 918 2385 conciliare
956 2337 1127 2396 nobis,
1163 2338 1219 2388 δι
1260 2334 1462 2397 propiti-

80 2418 161 2450 um
197 2401 374 2450 habere
408 2402 458 2450 in
496 2402 749 2467 Evangelii
787 2403 1180 2470 promulgatione
1216 2402 1472 2466 possimus.

737 2467 769 2514 F
803 2482 830 2536 3
1143 2469 1146 2472 '
1273 2467 1403 2515 Imus
