<?xml version="1.0" encoding="UTF-8"?>
<!DOCTYPE html PUBLIC "-//W3C//DTD XHTML 1.0 Transitional//EN"
    "http://www.w3.org/TR/xhtml1/DTD/xhtml1-transitional.dtd">
<html xmlns="http://www.w3.org/1999/xhtml" xml:lang="en" lang="en">
 <head>
  <title>
</title>
<meta http-equiv="Content-Type" content="text/html;charset=utf-8" />
  <meta name='ocr-system' content='tesseract 3.04.00' />
  <meta name='ocr-capabilities' content='ocr_page ocr_carea ocr_par ocr_line ocrx_word'/>
</head>
<body>
  <div class='ocr_page' id='page_1' title='image "./sfranciscixaveri02fran_0360.png"; bbox 0 0 1803 3076; ppageno 0'>
   <div class='ocr_carea' id='block_1_1' title="bbox 412 269 1509 345">
    <p class='ocr_par' dir='ltr' id='par_1_1' title="bbox 412 269 1509 345">
     <span class='ocr_line' id='line_1_1' title="bbox 412 269 1509 345; baseline -0.007 -16"><span class='ocrx_word' id='word_1_1' title='bbox 412 275 512 345; x_wconf 79' lang='lat'>35⁶</span> <span class='ocrx_word' id='word_1_2' title='bbox 668 269 1446 326; x_wconf 78' lang='lat' dir='ltr'>s.FRANCISCIXAVER11</span> <span class='ocrx_word' id='word_1_3' title='bbox 1508 302 1509 305; x_wconf 15' lang='grc' dir='ltr'>η</span> 
     </span>
    </p>
   </div>
   <div class='ocr_carea' id='block_1_2' title="bbox 351 366 1751 2485">
    <p class='ocr_par' dir='ltr' id='par_1_2' title="bbox 351 366 1747 1519">
     <span class='ocr_line' id='line_1_2' title="bbox 353 366 1738 434; baseline -0.002 -15"><span class='ocrx_word' id='word_1_4' title='bbox 353 367 716 434; x_wconf 78' lang='lat' dir='ltr'>iniquiores,in</span> <span class='ocrx_word' id='word_1_5' title='bbox 751 366 958 432; x_wconf 75' lang='lat' dir='ltr'>gratiam</span> <span class='ocrx_word' id='word_1_6' title='bbox 996 366 1237 415; x_wconf 78' lang='lat' dir='ltr'>virorum:</span> <span class='ocrx_word' id='word_1_7' title='bbox 1271 382 1417 431; x_wconf 78' lang='lat' dir='ltr'>quare</span> <span class='ocrx_word' id='word_1_8' title='bbox 1448 382 1509 415; x_wconf 92' lang='lat' dir='ltr'>ne</span> <span class='ocrx_word' id='word_1_9' title='bbox 1545 366 1614 414; x_wconf 86' lang='lat' dir='ltr'>his</span> <span class='ocrx_word' id='word_1_10' title='bbox 1633 368 1738 432; x_wconf 80' lang='lat' dir='ltr'>qui-</span> 
     </span>
     <span class='ocr_line' id='line_1_3' title="bbox 353 431 1734 497; baseline -0.004 -12"><span class='ocrx_word' id='word_1_11' title='bbox 353 439 463 485; x_wconf 86' lang='lat' dir='ltr'>dem</span> <span class='ocrx_word' id='word_1_12' title='bbox 500 452 594 497; x_wconf 85' lang='lat' dir='ltr'>prae</span> <span class='ocrx_word' id='word_1_13' title='bbox 629 449 678 482; x_wconf 89' lang='lat' dir='ltr'>se</span> <span class='ocrx_word' id='word_1_14' title='bbox 714 431 873 479; x_wconf 81' lang='lat' dir='ltr'>ferant</span> <span class='ocrx_word' id='word_1_15' title='bbox 909 433 1103 479; x_wconf 82' lang='lat' dir='ltr'>credere</span> <span class='ocrx_word' id='word_1_16' title='bbox 1141 434 1252 480; x_wconf 78' lang='lat' dir='ltr'>duni</span> <span class='ocrx_word' id='word_1_17' title='bbox 1290 431 1481 494; x_wconf 86' lang='lat' dir='ltr'>culpam</span> <span class='ocrx_word' id='word_1_18' title='bbox 1514 435 1541 479; x_wconf 78' lang='lat' dir='ltr'>a</span> <span class='ocrx_word' id='word_1_19' title='bbox 1589 448 1637 480; x_wconf 89' lang='lat' dir='ltr'>se</span> <span class='ocrx_word' id='word_1_20' title='bbox 1685 434 1734 480; x_wconf 91' lang='lat' dir='ltr'>in</span> 
     </span>
     <span class='ocr_line' id='line_1_4' title="bbox 353 493 1741 560; baseline -0.004 -11"><span class='ocrx_word' id='word_1_21' title='bbox 353 515 530 550; x_wconf 81' lang='lat' dir='ltr'>uxores</span> <span class='ocrx_word' id='word_1_22' title='bbox 564 496 855 546; x_wconf 76' lang='lat' dir='ltr'>conferunt.</span> <span class='ocrx_word' id='word_1_23' title='bbox 894 497 987 544; x_wconf 86' lang='lat' dir='ltr'>Sed</span> <span class='ocrx_word' id='word_1_24' title='bbox 1021 493 1182 560; x_wconf 77' lang='lat' dir='ltr'>jugum</span> <span class='ocrx_word' id='word_1_25' title='bbox 1221 510 1410 545; x_wconf 71' lang='lat' dir='ltr'>staterae</span> <span class='ocrx_word' id='word_1_26' title='bbox 1447 509 1635 544; x_wconf 86' lang='lat' dir='ltr'>rectum</span> <span class='ocrx_word' id='word_1_27' title='bbox 1666 513 1741 544; x_wconf 79' lang='lat' dir='ltr'>su-</span> 
     </span>
     <span class='ocr_line' id='line_1_5' title="bbox 354 561 1739 625; baseline -0.003 -12"><span class='ocrx_word' id='word_1_28' title='bbox 354 567 570 614; x_wconf 83' lang='lat' dir='ltr'>stineant</span> <span class='ocrx_word' id='word_1_29' title='bbox 589 596 599 622; x_wconf 79' lang='grc'>,</span> <span class='ocrx_word' id='word_1_30' title='bbox 621 573 924 609; x_wconf 81' lang='lat' dir='ltr'>neutrorsum</span> <span class='ocrx_word' id='word_1_31' title='bbox 962 561 1278 621; x_wconf 73' lang='lat' dir='ltr'>declinando,</span> <span class='ocrx_word' id='word_1_32' title='bbox 1302 564 1356 614; x_wconf 83' lang='lat'>&amp;</span> <span class='ocrx_word' id='word_1_33' title='bbox 1393 577 1555 608; x_wconf 85' lang='lat' dir='ltr'>aurem</span> <span class='ocrx_word' id='word_1_34' title='bbox 1578 563 1739 625; x_wconf 86' lang='lat' dir='ltr'>‚quod</span> 
     </span>
     <span class='ocr_line' id='line_1_6' title="bbox 354 627 1740 684; baseline -0.002 -7"><span class='ocrx_word' id='word_1_35' title='bbox 354 630 572 684; x_wconf 78' lang='lat' dir='ltr'>dicitur,</span> <span class='ocrx_word' id='word_1_36' title='bbox 622 642 704 674; x_wconf 85' lang='lat' dir='ltr'>reo</span> <span class='ocrx_word' id='word_1_37' title='bbox 756 639 889 670; x_wconf 84' lang='lat' dir='ltr'>suam</span> <span class='ocrx_word' id='word_1_38' title='bbox 939 640 1178 683; x_wconf 76' lang='lat' dir='ltr'>servent,</span> <span class='ocrx_word' id='word_1_39' title='bbox 1216 642 1314 673; x_wconf 91' lang='lat' dir='ltr'>non</span> <span class='ocrx_word' id='word_1_40' title='bbox 1365 627 1740 674; x_wconf 73' lang='lat' dir='ltr'>condemnando</span> 
     </span>
     <span class='ocr_line' id='line_1_7' title="bbox 351 687 1735 758; baseline -0.002 -16"><span class='ocrx_word' id='word_1_41' title='bbox 351 707 647 758; x_wconf 76' lang='lat' dir='ltr'>quemquam</span> <span class='ocrx_word' id='word_1_42' title='bbox 686 689 770 736; x_wconf 81' lang='lat' dir='ltr'>nisi</span> <span class='ocrx_word' id='word_1_43' title='bbox 823 687 1075 746; x_wconf 69' lang='lat' dir='ltr'>auditum,</span> <span class='ocrx_word' id='word_1_44' title='bbox 1113 691 1168 741; x_wconf 82' lang='lat'>&amp;</span> <span class='ocrx_word' id='word_1_45' title='bbox 1218 692 1507 751; x_wconf 69' lang='lat' dir='ltr'>comparata</span> <span class='ocrx_word' id='word_1_46' title='bbox 1565 690 1735 739; x_wconf 81' lang='lat' dir='ltr'>defen-</span> 
     </span>
     <span class='ocr_line' id='line_1_8' title="bbox 357 753 1745 817; baseline -0.002 -11"><span class='ocrx_word' id='word_1_47' title='bbox 357 760 494 806; x_wconf 84' lang='lat' dir='ltr'>sione</span> <span class='ocrx_word' id='word_1_48' title='bbox 531 771 638 803; x_wconf 71' lang='lat' dir='ltr'>cuni</span> <span class='ocrx_word' id='word_1_49' title='bbox 675 753 873 801; x_wconf 85' lang='lat' dir='ltr'>crimine</span> <span class='ocrx_word' id='word_1_50' title='bbox 899 788 910 799; x_wconf 89' lang='lat'><strong>.</strong></span> <span class='ocrx_word' id='word_1_51' title='bbox 947 756 1024 801; x_wconf 86' lang='lat' dir='ltr'>Ita</span> <span class='ocrx_word' id='word_1_52' title='bbox 1062 769 1161 800; x_wconf 83' lang='lat' dir='ltr'>rem</span> <span class='ocrx_word' id='word_1_53' title='bbox 1196 755 1597 812; x_wconf 71' lang='lat' dir='ltr'>administrando,</span> <span class='ocrx_word' id='word_1_54' title='bbox 1627 772 1745 817; x_wconf 85' lang='lat' dir='ltr'>prae-</span> 
     </span>
     <span class='ocr_line' id='line_1_9' title="bbox 352 817 1742 886; baseline -0.001 -16"><span class='ocrx_word' id='word_1_55' title='bbox 352 835 578 886; x_wconf 81' lang='lat' dir='ltr'>terquarn</span> <span class='ocrx_word' id='word_1_56' title='bbox 615 817 934 868; x_wconf 84' lang='lat' dir='ltr'>offensionem</span> <span class='ocrx_word' id='word_1_57' title='bbox 970 818 1171 882; x_wconf 71' lang='lat' dir='ltr'>negotio</span> <span class='ocrx_word' id='word_1_58' title='bbox 1210 820 1525 880; x_wconf 80' lang='lat' dir='ltr'>perniciosam</span> <span class='ocrx_word' id='word_1_59' title='bbox 1543 820 1742 868; x_wconf 85' lang='lat' dir='ltr'>alterius</span> 
     </span>
     <span class='ocr_line' id='line_1_10' title="bbox 355 882 1742 947; baseline -0.001 -12"><span class='ocrx_word' id='word_1_60' title='bbox 355 886 763 935; x_wconf 65' lang='lat' dir='ltr'>contendentium</span> <span class='ocrx_word' id='word_1_61' title='bbox 806 882 1028 931; x_wconf 79' lang='lat' dir='ltr'>vitabunt</span> <span class='ocrx_word' id='word_1_62' title='bbox 1048 901 1067 941; x_wconf 89' lang='grc'>,·</span> <span class='ocrx_word' id='word_1_63' title='bbox 1091 884 1237 931; x_wconf 70' lang='lat' dir='ltr'>etiarn</span> <span class='ocrx_word' id='word_1_64' title='bbox 1257 886 1316 932; x_wconf 81' lang='lat' dir='ltr'>ad</span> <span class='ocrx_word' id='word_1_65' title='bbox 1343 884 1598 932; x_wconf 85' lang='lat' dir='ltr'>veritatem</span> <span class='ocrx_word' id='word_1_66' title='bbox 1629 901 1742 947; x_wconf 90' lang='lat' dir='ltr'>pro-</span> 
     </span>
     <span class='ocr_line' id='line_1_11' title="bbox 357 946 1743 1016; baseline -0.001 -20"><span class='ocrx_word' id='word_1_67' title='bbox 357 953 463 1016; x_wconf 69' lang='lat' dir='ltr'>pisis</span> <span class='ocrx_word' id='word_1_68' title='bbox 500 953 767 998; x_wconf 84' lang='lat' dir='ltr'>accedent:</span> <span class='ocrx_word' id='word_1_69' title='bbox 807 946 906 996; x_wconf 74' lang='lat' dir='ltr'>fere</span> <span class='ocrx_word' id='word_1_70' title='bbox 942 948 1119 1010; x_wconf 82' lang='lat' dir='ltr'>quippe</span> <span class='ocrx_word' id='word_1_71' title='bbox 1156 949 1204 996; x_wconf 92' lang='lat' dir='ltr'>in</span> <span class='ocrx_word' id='word_1_72' title='bbox 1241 949 1416 997; x_wconf 87' lang='lat' dir='ltr'>talibus</span> <span class='ocrx_word' id='word_1_73' title='bbox 1453 962 1656 1014; x_wconf 87' lang='lat' dir='ltr'>uterque</span> <span class='ocrx_word' id='word_1_74' title='bbox 1693 951 1743 996; x_wconf 87' lang='lat' dir='ltr'>in</span> 
     </span>
     <span class='ocr_line' id='line_1_12' title="bbox 355 1013 1746 1079; baseline -0.004 -13"><span class='ocrx_word' id='word_1_75' title='bbox 355 1016 502 1079; x_wconf 70' lang='lat' dir='ltr'>culpa</span> <span class='ocrx_word' id='word_1_76' title='bbox 537 1027 639 1073; x_wconf 76' lang='lat' dir='ltr'>est,</span> <span class='ocrx_word' id='word_1_77' title='bbox 677 1014 781 1076; x_wconf 90' lang='lat' dir='ltr'>plus</span> <span class='ocrx_word' id='word_1_78' title='bbox 819 1015 1012 1076; x_wconf 85' lang='lat' dir='ltr'>quidem</span> <span class='ocrx_word' id='word_1_79' title='bbox 1050 1014 1149 1072; x_wconf 82' lang='lat' dir='ltr'>hic,</span> <span class='ocrx_word' id='word_1_80' title='bbox 1187 1013 1341 1062; x_wconf 85' lang='lat' dir='ltr'>minus</span> <span class='ocrx_word' id='word_1_81' title='bbox 1378 1013 1536 1065; x_wconf 83' lang='lat' dir='ltr'>alter:</span> <span class='ocrx_word' id='word_1_82' title='bbox 1580 1013 1746 1076; x_wconf 64' lang='lat' dir='ltr'>‘reipsa</span> 
     </span>
     <span class='ocr_line' id='line_1_13' title="bbox 359 1077 1747 1145; baseline -0.001 -16"><span class='ocrx_word' id='word_1_83' title='bbox 359 1098 469 1145; x_wconf 83' lang='lat' dir='ltr'>pars</span> <span class='ocrx_word' id='word_1_84' title='bbox 506 1080 673 1128; x_wconf 76' lang='lat' dir='ltr'>delicti</span> <span class='ocrx_word' id='word_1_85' title='bbox 710 1094 792 1127; x_wconf 83' lang='lat' dir='ltr'>sua</span> <span class='ocrx_word' id='word_1_86' title='bbox 830 1079 1002 1141; x_wconf 86' lang='lat' dir='ltr'>cuique</span> <span class='ocrx_word' id='word_1_87' title='bbox 1046 1079 1391 1140; x_wconf 82' lang='lat' dir='ltr'>competit‚ut</span> <span class='ocrx_word' id='word_1_88' title='bbox 1428 1077 1592 1135; x_wconf 75' lang='lat' dir='ltr'>iustius</span> <span class='ocrx_word' id='word_1_89' title='bbox 1629 1091 1747 1143; x_wconf 81' lang='lat' dir='ltr'>agat</span> 
     </span>
     <span class='ocr_line' id='line_1_14' title="bbox 360 1143 1746 1211; baseline -0.003 -18"><span class='ocrx_word' id='word_1_90' title='bbox 360 1147 442 1211; x_wconf 88' lang='lat' dir='ltr'>qui</span> <span class='ocrx_word' id='word_1_91' title='bbox 465 1145 632 1192; x_wconf 86' lang='lat' dir='ltr'>ambos</span> <span class='ocrx_word' id='word_1_92' title='bbox 656 1143 915 1190; x_wconf 72' lang='lat' dir='ltr'>insimulet¹</span> <span class='ocrx_word' id='word_1_93' title='bbox 940 1155 1163 1190; x_wconf 83' lang='lat' dir='ltr'>neutrum</span> <span class='ocrx_word' id='word_1_94' title='bbox 1189 1143 1326 1206; x_wconf 80' lang='lat' dir='ltr'>plane</span> <span class='ocrx_word' id='word_1_95' title='bbox 1346 1144 1601 1204; x_wconf 83' lang='lat' dir='ltr'>absolvat3</span> <span class='ocrx_word' id='word_1_96' title='bbox 1628 1159 1746 1192; x_wconf 86' lang='lat' dir='ltr'>cun-</span> 
     </span>
     <span class='ocr_line' id='line_1_15' title="bbox 356 1207 1746 1271; baseline -0.004 -11"><span class='ocrx_word' id='word_1_97' title='bbox 356 1223 551 1260; x_wconf 86' lang='lat' dir='ltr'>ctanter</span> <span class='ocrx_word' id='word_1_98' title='bbox 590 1225 646 1257; x_wconf 86' lang='lat' dir='ltr'>ac</span> <span class='ocrx_word' id='word_1_99' title='bbox 676 1207 1021 1262; x_wconf 71' lang='lat' dir='ltr'>circumspecte</span> <span class='ocrx_word' id='word_1_100' title='bbox 1047 1208 1246 1256; x_wconf 85' lang='lat' dir='ltr'>audiens</span> <span class='ocrx_word' id='word_1_101' title='bbox 1270 1209 1596 1258; x_wconf 87' lang='lat' dir='ltr'>admittensve</span> <span class='ocrx_word' id='word_1_102' title='bbox 1640 1224 1746 1271; x_wconf 86' lang='lat' dir='ltr'>quae</span> 
     </span>
     <span class='ocr_line' id='line_1_16' title="bbox 357 1273 1740 1341; baseline -0.004 -16"><span class='ocrx_word' id='word_1_103' title='bbox 357 1276 577 1341; x_wconf 85' lang='lat' dir='ltr'>allegant</span> <span class='ocrx_word' id='word_1_104' title='bbox 613 1289 699 1336; x_wconf 91' lang='lat' dir='ltr'>pro</span> <span class='ocrx_word' id='word_1_105' title='bbox 736 1289 785 1321; x_wconf 90' lang='lat' dir='ltr'>se</span> <span class='ocrx_word' id='word_1_106' title='bbox 822 1273 1020 1335; x_wconf 76' lang='lat' dir='ltr'>quisque</span> <span class='ocrx_word' id='word_1_107' title='bbox 1044 1308 1054 1319; x_wconf 92' lang='lat'><strong>.</strong></span> <span class='ocrx_word' id='word_1_108' title='bbox 1089 1273 1504 1335; x_wconf 84' lang='lat' dir='ltr'>Compendiosior</span> <span class='ocrx_word' id='word_1_109' title='bbox 1539 1276 1639 1320; x_wconf 88' lang='lat' dir='ltr'>haec</span> <span class='ocrx_word' id='word_1_110' title='bbox 1678 1273 1740 1320; x_wconf 84' lang='lat' dir='ltr'>ad</span> 
     </span>
     <span class='ocr_line' id='line_1_17' title="bbox 360 1336 1741 1402; baseline -0.004 -14"><span class='ocrx_word' id='word_1_111' title='bbox 360 1356 561 1402; x_wconf 84' lang='lat' dir='ltr'>scopum</span> <span class='ocrx_word' id='word_1_112' title='bbox 598 1350 782 1399; x_wconf 79' lang='lat' dir='ltr'>optatae</span> <span class='ocrx_word' id='word_1_113' title='bbox 819 1336 1179 1386; x_wconf 77' lang='lat' dir='ltr'>conciliationis</span> <span class='ocrx_word' id='word_1_114' title='bbox 1235 1337 1312 1385; x_wconf 89' lang='lat' dir='ltr'>via</span> <span class='ocrx_word' id='word_1_115' title='bbox 1364 1349 1464 1397; x_wconf 82' lang='lat' dir='ltr'>est,</span> <span class='ocrx_word' id='word_1_116' title='bbox 1503 1336 1741 1386; x_wconf 75' lang='lat' dir='ltr'>securius-</span> 
     </span>
     <span class='ocr_line' id='line_1_18' title="bbox 359 1400 1743 1468; baseline -0.009 -15"><span class='ocrx_word' id='word_1_117' title='bbox 359 1420 455 1468; x_wconf 92' lang='lat' dir='ltr'>que</span> <span class='ocrx_word' id='word_1_118' title='bbox 492 1404 703 1452; x_wconf 88' lang='lat' dir='ltr'>occurrit</span> <span class='ocrx_word' id='word_1_119' title='bbox 740 1401 945 1466; x_wconf 80' lang='lat' dir='ltr'>querelis</span> <span class='ocrx_word' id='word_1_120' title='bbox 979 1402 1034 1454; x_wconf 65' lang='grc' dir='ltr'>ἃ</span> <span class='ocrx_word' id='word_1_121' title='bbox 1081 1403 1378 1453; x_wconf 82' lang='lat' dir='ltr'>sermonibus</span> <span class='ocrx_word' id='word_1_122' title='bbox 1426 1402 1549 1455; x_wconf 73' lang='lat' dir='ltr'>male</span> <span class='ocrx_word' id='word_1_123' title='bbox 1600 1400 1743 1450; x_wconf 82' lang='lat' dir='ltr'>feria-</span> 
     </span>
     <span class='ocr_line' id='line_1_19' title="bbox 360 1482 555 1519; baseline -0.015 0"><span class='ocrx_word' id='word_1_124' title='bbox 360 1482 555 1519; x_wconf 87' lang='lat' dir='ltr'>torum.</span> 
     </span>
    </p>

    <p class='ocr_par' dir='ltr' id='par_1_3' title="bbox 354 1530 1751 2437">
     <span class='ocr_line' id='line_1_20' title="bbox 431 1530 1746 1594; baseline -0.002 -12"><span class='ocrx_word' id='word_1_125' title='bbox 431 1536 475 1582; x_wconf 88' lang='lat'>8.</span> <span class='ocrx_word' id='word_1_126' title='bbox 516 1532 590 1583; x_wconf 92' lang='lat' dir='ltr'>Ad</span> <span class='ocrx_word' id='word_1_127' title='bbox 628 1544 896 1580; x_wconf 86' lang='lat' dir='ltr'>extremum</span> <span class='ocrx_word' id='word_1_128' title='bbox 933 1530 1012 1594; x_wconf 88' lang='lat' dir='ltr'>qui</span> <span class='ocrx_word' id='word_1_129' title='bbox 1047 1547 1097 1580; x_wconf 91' lang='lat' dir='ltr'>se</span> <span class='ocrx_word' id='word_1_130' title='bbox 1133 1530 1304 1583; x_wconf 70' lang='lat' dir='ltr'>frustra</span> <span class='ocrx_word' id='word_1_131' title='bbox 1351 1532 1399 1579; x_wconf 88' lang='lat' dir='ltr'>in</span> <span class='ocrx_word' id='word_1_132' title='bbox 1451 1530 1520 1579; x_wconf 72' lang='lat' dir='ltr'>his</span> <span class='ocrx_word' id='word_1_133' title='bbox 1555 1530 1746 1579; x_wconf 86' lang='lat' dir='ltr'>labora-</span> 
     </span>
     <span class='ocr_line' id='line_1_21' title="bbox 362 1597 1745 1661; baseline -0.003 -14"><span class='ocrx_word' id='word_1_134' title='bbox 362 1614 417 1647; x_wconf 76' lang='lat' dir='ltr'>re</span> <span class='ocrx_word' id='word_1_135' title='bbox 454 1597 827 1661; x_wconf 85' lang='lat' dir='ltr'>deprehenderit</span> <span class='ocrx_word' id='word_1_136' title='bbox 862 1598 1024 1645; x_wconf 85' lang='lat' dir='ltr'>omnia</span> <span class='ocrx_word' id='word_1_137' title='bbox 1061 1611 1293 1658; x_wconf 77' lang='lat' dir='ltr'>conatus,</span> <span class='ocrx_word' id='word_1_138' title='bbox 1332 1608 1489 1658; x_wconf 83' lang='lat' dir='ltr'>partes</span> <span class='ocrx_word' id='word_1_139' title='bbox 1527 1612 1640 1658; x_wconf 86' lang='lat' dir='ltr'>quas</span> <span class='ocrx_word' id='word_1_140' title='bbox 1660 1597 1745 1643; x_wconf 87' lang='lat' dir='ltr'>ad-</span> 
     </span>
     <span class='ocr_line' id='line_1_22' title="bbox 358 1660 1748 1725; baseline -0.003 -15"><span class='ocrx_word' id='word_1_141' title='bbox 358 1664 538 1711; x_wconf 88' lang='lat' dir='ltr'>ducere</span> <span class='ocrx_word' id='word_1_142' title='bbox 576 1662 624 1708; x_wconf 92' lang='lat' dir='ltr'>in</span> <span class='ocrx_word' id='word_1_143' title='bbox 660 1660 978 1709; x_wconf 81' lang='lat' dir='ltr'>concordiam</span> <span class='ocrx_word' id='word_1_144' title='bbox 1015 1663 1239 1725; x_wconf 78' lang='lat' dir='ltr'>desperat</span> <span class='ocrx_word' id='word_1_145' title='bbox 1275 1677 1441 1722; x_wconf 73' lang='lat' dir='ltr'>posse&gt;</span> <span class='ocrx_word' id='word_1_146' title='bbox 1476 1662 1536 1709; x_wconf 85' lang='lat' dir='ltr'>ad</span> <span class='ocrx_word' id='word_1_147' title='bbox 1573 1660 1748 1708; x_wconf 88' lang='lat' dir='ltr'>Domi-</span> 
     </span>
     <span class='ocr_line' id='line_1_23' title="bbox 357 1723 1751 1788; baseline -0.001 -13"><span class='ocrx_word' id='word_1_148' title='bbox 357 1744 474 1776; x_wconf 88' lang='lat' dir='ltr'>num</span> <span class='ocrx_word' id='word_1_149' title='bbox 512 1725 830 1788; x_wconf 79' lang='lat' dir='ltr'>Episcopum,</span> <span class='ocrx_word' id='word_1_150' title='bbox 868 1737 954 1773; x_wconf 87' lang='lat' dir='ltr'>aut</span> <span class='ocrx_word' id='word_1_151' title='bbox 990 1723 1090 1784; x_wconf 88' lang='lat' dir='ltr'>ejus</span> <span class='ocrx_word' id='word_1_152' title='bbox 1128 1726 1371 1774; x_wconf 83' lang='lat' dir='ltr'>Vicarium</span> <span class='ocrx_word' id='word_1_153' title='bbox 1408 1725 1751 1775; x_wconf 83' lang='lat' dir='ltr'>remittat:id·</span> 
     </span>
     <span class='ocr_line' id='line_1_24' title="bbox 359 1789 1748 1855; baseline 0.001 -16"><span class='ocrx_word' id='word_1_154' title='bbox 359 1807 454 1855; x_wconf 88' lang='lat' dir='ltr'>que</span> <span class='ocrx_word' id='word_1_155' title='bbox 491 1791 663 1838; x_wconf 71' lang='lat' dir='ltr'>neutra</span> <span class='ocrx_word' id='word_1_156' title='bbox 699 1790 990 1837; x_wconf 79' lang='lat' dir='ltr'>exacerbata</span> <span class='ocrx_word' id='word_1_157' title='bbox 1027 1789 1106 1838; x_wconf 87' lang='lat' dir='ltr'>vel</span> <span class='ocrx_word' id='word_1_158' title='bbox 1141 1793 1168 1838; x_wconf 75' lang='lat' dir='ltr'>a</span> <span class='ocrx_word' id='word_1_159' title='bbox 1203 1806 1254 1837; x_wconf 82' lang='lat' dir='ltr'>se</span> <span class='ocrx_word' id='word_1_160' title='bbox 1287 1789 1535 1852; x_wconf 63' lang='lat' dir='ltr'>appellata</span> <span class='ocrx_word' id='word_1_161' title='bbox 1569 1792 1748 1840; x_wconf 78' lang='lat' dir='ltr'>durius.-</span> 
     </span>
     <span class='ocr_line' id='line_1_25' title="bbox 357 1854 1748 1919; baseline 0.001 -16"><span class='ocrx_word' id='word_1_162' title='bbox 357 1871 565 1919; x_wconf 85' lang='lat' dir='ltr'>pronum</span> <span class='ocrx_word' id='word_1_163' title='bbox 601 1854 730 1902; x_wconf 87' lang='lat' dir='ltr'>enim</span> <span class='ocrx_word' id='word_1_164' title='bbox 768 1865 841 1902; x_wconf 88' lang='lat' dir='ltr'>est</span> <span class='ocrx_word' id='word_1_165' title='bbox 894 1854 1111 1911; x_wconf 83' lang='lat' dir='ltr'>humanae</span> <span class='ocrx_word' id='word_1_166' title='bbox 1169 1855 1444 1905; x_wconf 84' lang='lat' dir='ltr'>infirmitati</span> <span class='ocrx_word' id='word_1_167' title='bbox 1498 1870 1748 1917; x_wconf 84' lang='lat' dir='ltr'>erumpere</span> 
     </span>
     <span class='ocr_line' id='line_1_26' title="bbox 361 1918 1750 1983; baseline 0 -16"><span class='ocrx_word' id='word_1_168' title='bbox 361 1921 412 1968; x_wconf 90' lang='lat' dir='ltr'>in</span> <span class='ocrx_word' id='word_1_169' title='bbox 450 1918 666 1983; x_wconf 85' lang='lat' dir='ltr'>querelas</span> <span class='ocrx_word' id='word_1_170' title='bbox 703 1919 930 1966; x_wconf 72' lang='lat' dir='ltr'>adversus</span> <span class='ocrx_word' id='word_1_171' title='bbox 967 1935 1050 1966; x_wconf 90' lang='lat' dir='ltr'>eos</span> <span class='ocrx_word' id='word_1_172' title='bbox 1084 1922 1113 1969; x_wconf 73' lang='lat' dir='ltr'>a</span> <span class='ocrx_word' id='word_1_173' title='bbox 1150 1920 1315 1982; x_wconf 86' lang='lat' dir='ltr'>quibus</span> <span class='ocrx_word' id='word_1_174' title='bbox 1367 1936 1464 1968; x_wconf 88' lang='lat' dir='ltr'>non</span> <span class='ocrx_word' id='word_1_175' title='bbox 1519 1919 1750 1981; x_wconf 85' lang='lat' dir='ltr'>impetra-</span> 
     </span>
     <span class='ocr_line' id='line_1_27' title="bbox 356 1983 1747 2051; baseline -0.002 -18"><span class='ocrx_word' id='word_1_176' title='bbox 356 1998 437 2034; x_wconf 87' lang='lat' dir='ltr'>tur</span> <span class='ocrx_word' id='word_1_177' title='bbox 473 1984 604 2048; x_wconf 91' lang='lat' dir='ltr'>quod</span> <span class='ocrx_word' id='word_1_178' title='bbox 640 1999 829 2046; x_wconf 87' lang='lat' dir='ltr'>aequum</span> <span class='ocrx_word' id='word_1_179' title='bbox 865 1995 1087 2032; x_wconf 81' lang='lat' dir='ltr'>autumat</span> <span class='ocrx_word' id='word_1_180' title='bbox 1125 1986 1202 2046; x_wconf 85' lang='lat' dir='ltr'>qui</span> <span class='ocrx_word' id='word_1_181' title='bbox 1244 1985 1370 2046; x_wconf 85' lang='lat' dir='ltr'>petit</span> <span class='ocrx_word' id='word_1_182' title='bbox 1399 2021 1411 2033; x_wconf 92' lang='lat'><strong>.</strong></span> <span class='ocrx_word' id='word_1_183' title='bbox 1447 1987 1613 2051; x_wconf 83' lang='lat' dir='ltr'>Qare</span> <span class='ocrx_word' id='word_1_184' title='bbox 1659 1983 1747 2032; x_wconf 88' lang='lat' dir='ltr'>nisi</span> 
     </span>
     <span class='ocr_line' id='line_1_28' title="bbox 355 2044 1748 2111; baseline -0.001 -12"><span class='ocrx_word' id='word_1_185' title='bbox 355 2049 601 2099; x_wconf 81' lang='lat' dir='ltr'>mediator</span> <span class='ocrx_word' id='word_1_186' title='bbox 637 2052 802 2110; x_wconf 78' lang='lat' dir='ltr'>parum</span> <span class='ocrx_word' id='word_1_187' title='bbox 839 2044 954 2096; x_wconf 84' lang='lat' dir='ltr'>felix</span> <span class='ocrx_word' id='word_1_188' title='bbox 992 2048 1133 2099; x_wconf 77' lang='lat' dir='ltr'>valde</span> <span class='ocrx_word' id='word_1_189' title='bbox 1172 2051 1378 2110; x_wconf 85' lang='lat' dir='ltr'>prudens</span> <span class='ocrx_word' id='word_1_190' title='bbox 1409 2048 1497 2108; x_wconf 77' lang='lat' dir='ltr'>sit,</span> <span class='ocrx_word' id='word_1_191' title='bbox 1535 2049 1748 2111; x_wconf 87' lang='lat' dir='ltr'>patietur</span> 
     </span>
     <span class='ocr_line' id='line_1_29' title="bbox 357 2111 1747 2172; baseline -0.004 -8"><span class='ocrx_word' id='word_1_192' title='bbox 357 2113 583 2164; x_wconf 84' lang='lat' dir='ltr'>excidere</span> <span class='ocrx_word' id='word_1_193' title='bbox 620 2113 708 2160; x_wconf 88' lang='lat' dir='ltr'>sibi</span> <span class='ocrx_word' id='word_1_194' title='bbox 745 2111 940 2163; x_wconf 76' lang='lat' dir='ltr'>aculeos</span> <span class='ocrx_word' id='word_1_195' title='bbox 978 2114 1268 2172; x_wconf 83' lang='lat' dir='ltr'>verborum,</span> <span class='ocrx_word' id='word_1_196' title='bbox 1307 2126 1392 2163; x_wconf 85' lang='lat' dir='ltr'>aut</span> <span class='ocrx_word' id='word_1_197' title='bbox 1426 2114 1593 2163; x_wconf 87' lang='lat' dir='ltr'>ambos</span> <span class='ocrx_word' id='word_1_198' title='bbox 1646 2113 1747 2161; x_wconf 87' lang='lat' dir='ltr'>liti-</span> 
     </span>
     <span class='ocr_line' id='line_1_30' title="bbox 357 2177 1746 2246; baseline -0.001 -19"><span class='ocrx_word' id='word_1_199' title='bbox 357 2191 532 2246; x_wconf 82' lang='lat' dir='ltr'>gantes</span> <span class='ocrx_word' id='word_1_200' title='bbox 568 2191 654 2228; x_wconf 87' lang='lat' dir='ltr'>aut</span> <span class='ocrx_word' id='word_1_201' title='bbox 688 2177 894 2226; x_wconf 86' lang='lat' dir='ltr'>alterum</span> <span class='ocrx_word' id='word_1_202' title='bbox 927 2180 1382 2244; x_wconf 59' lang='lat' dir='ltr'>perstringendum,</span> <span class='ocrx_word' id='word_1_203' title='bbox 1407 2179 1540 2243; x_wconf 81' lang='lat' dir='ltr'>quasi</span> <span class='ocrx_word' id='word_1_204' title='bbox 1577 2181 1746 2240; x_wconf 73' lang='lat' dir='ltr'>parum</span> 
     </span>
     <span class='ocr_line' id='line_1_31' title="bbox 357 2243 1750 2311; baseline -0.001 -21"><span class='ocrx_word' id='word_1_205' title='bbox 357 2243 624 2308; x_wconf 85' lang='lat' dir='ltr'>placabiles</span> <span class='ocrx_word' id='word_1_206' title='bbox 663 2244 718 2294; x_wconf 72' lang='grc' dir='ltr'>ὅτ</span> <span class='ocrx_word' id='word_1_207' title='bbox 754 2258 947 2311; x_wconf 85' lang='lat' dir='ltr'>aequos:</span> <span class='ocrx_word' id='word_1_208' title='bbox 986 2244 1115 2292; x_wconf 89' lang='lat' dir='ltr'>unde</span> <span class='ocrx_word' id='word_1_209' title='bbox 1151 2243 1270 2293; x_wconf 89' lang='lat' dir='ltr'>nihil</span> <span class='ocrx_word' id='word_1_210' title='bbox 1304 2244 1519 2292; x_wconf 90' lang='lat' dir='ltr'>lucretur</span> <span class='ocrx_word' id='word_1_211' title='bbox 1554 2243 1642 2290; x_wconf 88' lang='lat' dir='ltr'>nisi</span> <span class='ocrx_word' id='word_1_212' title='bbox 1696 2259 1750 2289; x_wconf 93' lang='lat' dir='ltr'>o-</span> 
     </span>
     <span class='ocr_line' id='line_1_32' title="bbox 359 2306 1749 2371; baseline -0.001 -15"><span class='ocrx_word' id='word_1_213' title='bbox 359 2310 491 2357; x_wconf 80' lang='lat' dir='ltr'>dium</span> <span class='ocrx_word' id='word_1_214' title='bbox 530 2306 630 2363; x_wconf 84' lang='lat' dir='ltr'>eius</span> <span class='ocrx_word' id='word_1_215' title='bbox 668 2323 811 2371; x_wconf 87' lang='lat' dir='ltr'>quern</span> <span class='ocrx_word' id='word_1_216' title='bbox 850 2308 1107 2369; x_wconf 82' lang='lat' dir='ltr'>punxerit,</span> <span class='ocrx_word' id='word_1_217' title='bbox 1143 2310 1197 2359; x_wconf 71' lang='grc' dir='ltr'>ὅτ</span> <span class='ocrx_word' id='word_1_218' title='bbox 1235 2307 1362 2358; x_wconf 88' lang='lat' dir='ltr'>forte</span> <span class='ocrx_word' id='word_1_219' title='bbox 1411 2319 1749 2370; x_wconf 88' lang='lat' dir='ltr'>contemptum</span> 
     </span>
     <span class='ocr_line' id='line_1_33' title="bbox 354 2372 1746 2437; baseline -0.003 -14"><span class='ocrx_word' id='word_1_220' title='bbox 354 2375 643 2435; x_wconf 73' lang='lat' dir='ltr'>amborum,</span> <span class='ocrx_word' id='word_1_221' title='bbox 672 2373 969 2437; x_wconf 68' lang='lat' dir='ltr'>deprehensa</span> <span class='ocrx_word' id='word_1_222' title='bbox 1003 2372 1336 2424; x_wconf 84' lang='lat' dir='ltr'>conciliatoris</span> <span class='ocrx_word' id='word_1_223' title='bbox 1389 2373 1746 2437; x_wconf 66' lang='lat' dir='ltr'>imprudentia,</span> 
     </span>
    </p>

    <p class='ocr_par' dir='ltr' id='par_1_4' title="bbox 1607 2452 1679 2485">
     <span class='ocr_line' id='line_1_34' title="bbox 1607 2452 1679 2485; baseline 0 0"><span class='ocrx_word' id='word_1_224' title='bbox 1607 2452 1679 2485; x_wconf 85' lang='lat' dir='ltr'>se-</span> 
     </span>
    </p>
   </div>
  </div>
 </body>
</html>
