1803 3076
225 274 737 330 ErrsrorARum.
759 273 862 321 Lib.
882 276 976 322 HI.
996 275 1080 337 Ep.
1103 274 1251 323 xm.
1300 293 1321 326 1
1335 293 1392 342 19

94 373 164 436 gis
219 373 367 422 nostri
407 371 602 420 nomine
639 381 874 416 terrarum
909 384 967 415 ac
996 369 1237 437 Gentium·
1267 368 1455 424 illarum

93 441 230 500 quasi
262 437 609 501 possessionem
646 433 1004 496 adeamuszqui
1039 435 1174 496 primi
1211 450 1457 487 successus

90 516 253 563 caepto
292 501 660 563 responderint,
683 513 812 546 anno
852 500 1165 561 vertente(si
1206 502 1339 547 Deus
1371 504 1453 551 de-

83 567 251 632 derit)
306 566 419 613 meis
455 565 565 613 inde
622 562 817 626 perlatis
866 566 928 612 ad
982 579 1064 611 vos
1115 564 1264 612 literis
1313 565 1456 629 plena

88 632 397 696 cognoscetis
421 666 433 678 .

156 716 206 760 9.
242 692 606 750 Constituiiam
643 709 790 752 nunc,
830 694 1031 757 api-imo
1066 693 1227 743 statim
1254 695 1457 758 appulsu

91 763 278 824 Regem
314 763 466 822 ipsum
503 760 652 806 totius
685 759 912 821 Japonis‚
950 760 1239 824 ubicumque
1276 760 1454 822 fuerit,

90 827 258 883 adire3
297 839 641 887 exponereque
681 826 764 883 ipsi
801 840 904 887 quae
941 827 1167 873 mandata
1205 826 1266 872 ad
1303 825 1458 887 ipsum

85 891 290 937 habeam
343 888 507 936 summi
578 889 809 936 Gentium
862 889 1078 937 omnium
1142 892 1455 951 Imperatoris

82 957 285 1001 Domini
324 954 490 1002 Nostri
524 954 638 1014 Jesu
677 952 885 1000 Christi.
923 954 1080 1001 Audio
1118 955 1164 1001 in
1213 956 1455 1004 comitatu

81 1019 233 1082 Regis
271 1019 388 1066 illius
428 1030 648 1080 magnam
684 1032 870 1078 semper
905 1020 1072 1067 adesse
1125 1020 1452 1070 Literatorum

82 1099 306 1139 manum,
348 1083 531 1146 ingenti
565 1080 876 1128 subnixorum
929 1082 1138 1146 ingenii,
1185 1084 1451 1146 doctrinae,

87 1145 418 1210 facundiaeque
473 1146 673 1193 fiducia.
726 1148 913 1193 Horum
979 1148 1264 1196 obstituram
1312 1151 1453 1199 nobis

86 1211 409 1259 eruditionem
462 1213 576 1258 Deo
611 1209 788 1269 fretus,
845 1226 942 1258 non
977 1217 1088 1261 sane
1146 1212 1453 1263 reformido:

87 1291 198 1323 nam
236 1277 349 1339 quid
386 1275 499 1323 boni
523 1275 640 1323 scire
675 1288 873 1337 possunt
909 1275 987 1339 qui
1006 1278 1172 1339 Jesum
1194 1278 1452 1328 nesciunt?

82 1341 163 1403 qui
202 1343 318 1389 vero
353 1339 468 1389 nihil
504 1345 705 1391 omnino
723 1340 853 1388 aliud
889 1342 977 1389 nisi
1016 1342 1115 1390 Dei
1148 1342 1366 1392 Gloriam
1395 1345 1449 1396 sc

82 1405 264 1452 Christi
300 1404 744 1454 manifestationem
797 1407 844 1453 in
900 1405 1107 1455 salutem
1159 1407 1455 1469 animarum,

87 1486 304 1517 curamus
340 1483 424 1519 aut
459 1472 740 1533 quaerimus,
778 1471 890 1533 quid
926 1473 1123 1521 tandem
1160 1472 1320 1520 damni
1368 1485 1457 1523 aut

86 1534 286 1596 periculi
322 1539 617 1601 magnopere
668 1537 1012 1597 pertimescere
1062 1538 1331 1586 debemus?
1380 1551 1459 1587 ut-

87 1615 293 1662 cumque
329 1617 413 1648 nos
461 1601 616 1648 nudos
666 1602 722 1652 <Sc
775 1601 1013 1651 inermes„
1069 1603 1197 1651 inter
1250 1599 1454 1651 infestas

89 1680 185 1711 non
219 1666 388 1713 Gentis
453 1668 599 1713 modo
634 1663 774 1724 fcrae,
829 1667 910 1714 sed
967 1669 1255 1716 Daemonum
1309 1667 1458 1717 etiam

89 1728 511 1778 irritatissiinorum
548 1730 700 1789 acies,
724 1732 779 1782 ὃς
814 1742 978 1796 tegere
1015 1748 1074 1780 ne
1111 1733 1364 1791 laedamur,
1396 1734 1456 1785 &t

89 1792 311 1850 adjuvare
347 1808 400 1844 ut
434 1796 712 1853 vincamuS,
741 1798 882 1848 Deo,
921 1799 957 1843 si
994 1797 1233 1857 voluerit,
1270 1809 1344 1846 est
1381 1795 1455 1845 fa-

87 1858 201 1906 cile:
244 1859 313 1906 sin
350 1863 392 1908 ei
429 1859 558 1908 aliud
592 1860 811 1922 placeat,
849 1860 964 1908 nihil
1002 1864 1130 1925 quod
1166 1863 1254 1926 ipsi
1300 1861 1455 1911 libue-

84 1923 169 1981 rit,
210 1923 420 1972 ducimus
457 1926 682 1973 acerbum
706 1962 717 1973 .
1322 1979 1326 1986 ,

149 2005 220 2037 10.
259 1991 313 2037 In
350 1992 419 2037 hzs
458 1990 620 2050 bellis,
658 1993 805 2040 etiam
842 1992 1046 2050 cadem,
1084 1991 1244 2041 victor
1277 2004 1382 2050 est,
1417 1991 1458 2040 si

80 2055 404 2103 occumbente
441 2055 680 2103 duntaxat
730 2072 963 2118 corpore,
1018 2071 1114 2103 non
1163 2058 1451 2106 succumbat

78 2115 295 2165 animus:
336 2135 425 2167 una
464 2121 602 2182 plane
639 2137 741 2183 quae
794 2138 877 2183 per
928 2136 1218 2171 consensum
1269 2123 1316 2170 in
1351 2122 1454 2170 cul-

81 2197 191 2242 pam
228 2184 489 2244 accipitur,
525 2185 911 2248 pertimescenda
946 2185 1090 2251 plaga
1128 2199 1304 2236 mentis
1343 2197 1450 2234 est.

81 2246 176 2293 Sed
228 2262 332 2294 cum
381 2251 513 2296 Deus
566 2251 807 2298 Dominus
857 2253 1039 2300 Noster
1092 2256 1177 2299 det
1233 2250 1455 2298 omnibus

81 2309 285 2374 gratiam
321 2312 637 2362 sufficientem
673 2316 733 2362 ad
783 2314 873 2363 sibi
909 2316 1242 2376 serviendum,
1298 2315 1450 2363 absti-

79 2376 385 2442 nendumque
434 2381 463 2428 a
513 2392 752 2443 peccato,
806 2381 1091 2431 confidimus
1144 2381 1204 2430 de
1265 2379 1453 2451 Divina

720 2445 769 2493 H
804 2461 837 2510 4
1291 2460 1392 2505 eius
