1803 3076
375 279 477 333 290
631 263 681 315 s.
714 263 1079 316 FRANclscl
1111 265 1404 318 xmmr

373 356 552 411 Gratia
588 359 644 411 δε
681 361 835 415 Amor
865 361 982 423 Jesu
1019 361 1200 412 Christi
1239 358 1443 410 Domini
1479 361 1633 412 nostri

512 425 641 474 adsit
693 440 878 488 semper
932 427 1071 475 nobis
1104 427 1288 480 auxilio
1326 428 1381 479 ὃ(
1429 423 1503 474 fa·

823 505 941 545 vore
959 526 970 538 .
1006 496 1162 545 Amen
1184 528 1197 540 .

314 635 364 674 -x,
478 617 724 680 Cripturus
760 634 875 667 mox
911 619 971 667 ad
1007 631 1057 669 te
1092 620 1239 671 fusius
1274 622 1333 671 de
1368 621 1507 675 rebus
1527 621 1696 672 Socie-

508 683 623 731 ratis
657 685 703 730 in
725 683 793 730 his
830 684 965 736 terris
1002 698 1203 744 nostrae,
1225 689 1349 734 hanc
1369 700 1699 752 segregatam,

321 752 379 802 a&
416 746 708 811 peculiarem
745 748 908 810 paucis
943 749 1197 798 absolvam
1232 751 1488 814 epistolam
1523 784 1534 810 ,
1570 751 1701 809 cuius

314 823 658 878 argumentum
695 812 858 874 idem,
894 814 951 865 ὃ(
986 814 1291 876 tabellarius,
1332 818 1548 863 Andreas
1581 820 1700 868 Car·

313 879 491 928 valiius
526 876 649 925 erit.
686 880 832 927 Hunc
867 895 960 943 ego
995 880 1264 942 perbonum
1299 881 1541 943 Juvenem
1572 912 1583 938 ,
1626 897 1707 929 va-

315 941 548 993 letudinis
580 942 744 1005 gratia
780 944 1127 992 remittendum
1164 945 1223 992 ad
1260 960 1347 993 vos
1383 944 1582 992 censui.
1614 947 1709 994 Hic

318 1012 449 1057 enim
484 1011 608 1072 aegre
644 1008 796 1056 vitam
832 1009 1091 1069 trahebat,
1130 1010 1185 1066 ἃς
1220 1008 1312 1072 qua
1348 1019 1527 1069 aetate,
1561 1020 1710 1073 atque

318 1072 490 1123 indole
527 1084 631 1131 est,
671 1073 846 1121 medici
885 1075 1144 1136 sperabant
1192 1073 1337 1136 patrii
1388 1073 1492 1120 caeii
1539 1076 1710 1124 haustu

318 1137 532 1200 :reparari
556 1137 678 1185 vires
701 1135 798 1196 ejus
816 1139 988 1193 morbo
1009 1150 1302 1202 prostratas,
1325 1138 1380 1190 δι
1396 1137 1441 1185 in
1464 1138 1708 1204 integrum

323 1218 465 1268 posse
502 1202 716 1251 restitui.
741 1205 821 1251 De
860 1203 947 1251 iilo
984 1205 1076 1251 hoc
1114 1206 1314 1268 peregre
1351 1202 1711 1262 rediens‚con-

325 1266 465 1316 cordi
502 1267 718 1317 omnium
755 1268 833 1333 qui
872 1269 949 1316 hic
986 1279 1098 1316 sunt
1152 1267 1477 1326 testimonio,
1516 1283 1714 1331 compe·

326 1334 547 1392 riebam3
582 1332 702 1379 nulli
738 1333 846 1380 eum
885 1346 1159 1383 nostrorum
1196 1334 1267 1381 his
1301 1333 1349 1379 in
1383 1330 1503 1380 locis
1538 1333 1717 1399 degen-

324 1398 479 1458 tium,
517 1398 711 1447 dotibus
748 1409 931 1446 naturae
965 1431 975 1456 ‚
1014 1396 1315 1460 profectibus
1369 1395 1604 1446 doctrinae
1654 1413 1713 1453 ac

324 1462 469 1510 donis
502 1462 668 1527 gratiae
705 1464 906 1523 cedere,
945 1478 1271 1529 magnamque
1306 1462 1355 1509 in
1407 1458 1507 1519 ejus
1541 1459 1711 1520 juven-

328 1538 442 1575 tute
476 1542 609 1589 spem
632 1528 801 1589 passim
827 1527 1040 1587 Maiores
1079 1540 1194 1579 natu
1215 1527 1504 1586 collocant,
1524 1528 1587 1575 ob
1620 1526 1715 1575 vir·

328 1602 463 1639 tutes
500 1608 616 1655 quas
652 1592 699 1639 in
737 1608 810 1640 eo·
837 1593 1000 1655 posuit
1037 1595 1173 1642 Deus
1213 1591 1452 1643 Dominus
1503 1603 1714 1651 noster,

321 1671 544 1721 quasque
577 1656 661 1719 per
698 1673 831 1705 suam
867 1657 1244 1706 misericordiam
1279 1654 1482 1721 augebit
1522 1690 1534 1702 .
1569 1656 1717 1720 Equi-

328 1724 443 1770 dem
479 1722 548 1769 ita
583 1737 685 1769 esse
721 1737 816 1787 ego
852 1737 1048 1786 quoque
1084 1721 1292 1770 arbitror
1326 1732 1381 1770 ut
1418 1721 1624 1782 dicunt;
1661 1721 1718 1773 ὅτ

327 1784 545 1834 libenter
578 1785 716 1842 hujus
751 1786 850 1848 spei
895 1797 945 1835 te
995 1788 1177 1852 gaudio
1231 1785 1496 1848 impertio;
1542 1798 1719 1848 optans

324 1862 524 1909 tecum,
563 1866 849 1914 vovensque
885 1863 939 1899 ut
974 1864 1163 1902 crescat
1194 1855 1241 1899 in
1277 1854 1401 1900 mille
1448 1853 1596 1899 millia
1646 1851 1719 1900 hic

324 1918 497 1971 ⁴Frater
531 1928 702 1975 noster,
725 1916 780 1970 &
801 1915 1104 1966 Societatem
1140 1928 1407 1979 expectato
1443 1914 1604 1964 fructu
1635 1930 1716 1964 cu·

329 1979 521 2030 mulet.
559 1980 665 2028 Oro
701 1994 819 2044 ergo
855 1992 906 2029 te
942 1997 1026 2044 per
1065 1981 1160 2030 Dei
1186 1981 1389 2040 Domini
1408 1982 1559 2029 nostri
1580 1996 1716 2028 amo-

327 2060 469 2105 rtem,
506 2055 654 2107 atque
690 2045 1012 2109 obsequium,
1046 2045 1293 2095 carissime
1330 2046 1394 2094 mi
1431 2046 1598 2094 Frater
1646 2045 1719 2094 Si-

319 2124 484 2168 mon,
506 2118 560 2157 ut
593 2109 839 2158 Andream
875 2111 1175 2159 Carvallium
1210 2113 1271 2160 ea
1301 2109 1444 2159 isthic
1478 2110 1719 2159 charitate

336 2174 587 2236 excipias,
625 2174 719 2237 qua
754 2176 813 2227 &
847 2192 971 2241 ego,
1009 2177 1065 2230 &
1099 2177 1201 2240 ipse
1235 2175 1531 2239 speravimus
1584 2175 1716 2224 exci-

335 2239 567 2302 piendum
605 2254 742 2298 eum,
781 2242 837 2292 ὃ(
873 2243 1184 2290 recreandum
1220 2242 1249 2289 a
1285 2253 1368 2289 te.
1405 2238 1540 2308 Qid
1574 2239 1622 2287 in
1650 2239 1718 2286 hi-

337 2319 418 2355 sce
457 2302 668 2365 partibus
706 2305 822 2353 novi
859 2306 1154 2373 contigerit,
1192 2305 1391 2368 copiose
1423 2337 1435 2367 ,
1473 2320 1535 2353 ac
1564 2304 1720 2352 minu-

333 2370 387 2420 te
421 2369 714 2433 perscribam
749 2370 811 2420 ad
847 2387 966 2435 vos3
1003 2375 1122 2424 Deo
1167 2367 1372 2433 juvante
1402 2401 1420 2435 ,
1452 2382 1717 2480 antequam

1556 2448 1612 2482 so
1634 2461 1654 2472 ·
